4342 5722
1076 93 1099 162 4

138 320 209 394 387
240 330 544 392 conmemorntur
578 318 653 390 iam
682 344 705 390 a
730 317 912 415 Pompeio
940 342 1039 390 anuo
1075 318 1134 407 55,
1176 340 1260 388 curn
1299 317 1436 388 iterum
1476 315 1610 388 consul
1647 296 2051 412 magnificentissimos

137 446 248 520 ludos
275 446 415 536 ederet,
442 444 648 543 probandis
675 446 813 518 fabulis
847 446 1077 542 praefectum
1119 441 1210 541 (Cic.
1239 443 1287 516 ad
1314 444 1401 515 fam.
1432 447 1465 534 7,
1495 448 1527 533 1,
1559 442 1597 534 1)
1633 454 1839 539 posteaque
1865 441 2040 539 Augusto

136 574 333 669 inperante
361 598 446 644 cum
473 583 648 670 quattuor
676 572 757 645 aliis
783 572 969 645 iudicibus
997 571 1132 645 eodem
1160 571 1285 644 officio
1313 573 1482 643 functum
1512 573 1662 644 esse10.
1709 594 1800 642 num
1823 594 1914 642 uero
1935 582 2041 643 recte

138 701 227 773 olim
256 699 469 774 Orellius¹¹
502 701 713 797 suspicatus
735 700 784 773 sit
803 698 960 798 Satyros
981 698 1158 772 Pisonem
1182 699 1219 772 in
1240 723 1415 771 scaenam
1434 696 1705 795 producturum
1725 697 1839 769 fuisse
1859 722 2041 794 perquam

138 828 295 902 dubium
322 827 473 900 uidetur
500 853 594 920 esse,
621 853 705 900 cum
732 826 1124 901 recteWclclrerus¹²
1153 840 1191 900 et
1214 825 1533 923 Bernhardyus¹³
1564 824 1825 897 demonstrent
1846 822 2040 897 Romanos

136 953 211 1028 hoc
240 955 417 1028 dramatis
444 980 563 1054 genus
598 980 802 1051 numquam
821 955 992 1029 coluisse.
1033 980 1103 1028 nec
1125 967 1252 1028 tamen
1272 954 1393 1051 probo
1408 951 1694 1050 Bernhardyum
1715 952 1767 1024 ita
1786 951 2041 1049 disputantem

138 1081 214 1174 ,ile
241 1080 473 1180 (Horatium)
503 1082 710 1181 besclldftipt
730 1083 844 1180 eiazip
867 1081 936 1154 das
957 1082 1179 1154 tlteoretische
1199 1081 1382 1173 interesse,
1410 1080 1479 1153 das
1505 1078 1569 1151 der
1594 1079 1917 1178 Kunstpesclticlzte,
1943 1079 2043 1151 nicht

139 1209 198 1281 ‹h'e
223 1208 369 1300 Procris,
397 1210 473 1282 und
499 1210 576 1282 rein
602 1209 641 1281 in
667 1209 800 1282 diesem
826 1205 937 1283 Sinite
964 1210 1104 1283 berilltrt
1130 1235 1177 1301 er,
1212 1234 1288 1281 was
1314 1207 1383 1280 die·
1398 1207 1522 1279 Keilii
1549 1207 1613 1279 der
1640 1205 1678 1280 F
1676 1232 1753 1279 orna
1778 1205 1854 1279 und
1885 1202 2040 1314 Oeltono·

138 1337 208 1409 mie
221 1338 291 1437 fiir
307 1340 391 1435 jeae
417 1337 658 1410 drumntlsclie
685 1334 846 1434 Spielort
861 1337 1027 1436 fordert‘.
1079 1362 1175 1433 quae
1210 1347 1252 1409 ut
1286 1336 1419 1409 melius
1455 1336 1652 1433 intellegas
1681 1360 1728 1408 ex
1757 1334 1923 1408 eiusdem
1951 1359 2040 1408 con·

136 1465 369 1538 mentatione
399 1491 512 1563 supra
537 1464 690 1538 laudata
714 1491 749 1563 p.
780 1469 824 1536 15
852 1465 945 1537 haec
973 1464 1066 1539 libet
1092 1465 1306 1537 adscribere
1342 1462 1503 1556 ,Pisonis
1538 1475 1581 1536 ut
1607 1463 1782 1536 uoluntas
1811 1473 1848 1535 et
1874 1460 2040 1536 studium

138 1592 269 1666 debuit
306 1594 471 1666 consiliis
511 1594 654 1667 seueris
694 1604 803 1690 atque
844 1593 1080 1666 cautionibus
1105 1593 1197 1690 regi,
1236 1617 1285 1665 ne
1317 1591 1484 1664 taedium
1510 1592 1632 1681 limae,
1672 1591 1816 1663 incuria
1842 1590 2039 1682 sermonis,

138 1732 238 1794 artes
265 1721 501 1818 poetillarum
531 1721 751 1794 ambitiosae
778 1721 1028 1818 improuidam
1057 1731 1218 1793 aetatem
1249 1720 1572 1810 circumuenirent‚
1601 1720 1653 1793 ita
1675 1717 1845 1792 doctrina
1866 1717 2041 1791 iuuenilis

139 1858 178 1920 et
203 1847 359 1919 uixdum
388 1847 565 1920 inchoata
594 1848 767 1922 notitiam
802 1849 1016 1945 requirebat
1048 1873 1173 1921 rerum
1202 1848 1444 1920 scenicarum.
1498 1858 1793 1920 consentaneum
1820 1846 1932 1943 igitur
1960 1856 2041 1919 erat

136 1987 180 2048 ut
207 1974 364 2048 historia
391 1972 620 2049 Graecorum
648 1976 887 2049 inuentorem
911 2001 995 2048 cum
1019 1975 1270 2072 descriptione
1290 2001 1451 2068 morum,
1478 1975 1592 2048 uariis
1613 1975 1797 2047 sermonis
1818 1971 2040 2063 rationibus,

138 2100 299 2198 denique
339 2103 505 2175 numeris
543 2102 741 2201 diligenter
774 2103 962 2202 fingendis
998 2104 1368 2200 coniungeretur....
1421 2102 1495 2175 iam
1530 2103 1691 2176 tironem
1718 2103 1833 2173 fuisse
1861 2098 2041 2173 Pisonem

138 2241 177 2302 et
202 2229 316 2302 rebus
343 2230 489 2304 idoneis
516 2231 650 2305 leuiter
675 2231 861 2304 imbutum
889 2231 1054 2304 declarat
1077 2231 1180 2304 color
1202 2243 1487 2329 praeceptorum
1509 2257 1552 2304 ao
1574 2230 1760 2303 submissa
1782 2228 2041 2301 narrationum

137 2381 217 2428 uox
244 2370 281 2431 et
307 2359 490 2432 institutio
519 2359 677 2433 subinde
705 2360 930 2433 scholastica
961 2360 1023 2432 uel
1057 2360 1182 2457 potius
1210 2359 1258 2431 ad
1285 2337 1435 2456 captum
1461 2359 1645 2456 puerilem
1672 2355 2040 2430 accommodata...

137 2482 271 2558 habuit
296 2485 408 2583 igitur
434 2485 613 2561 Horatius
649 2513 714 2560 cur
747 2488 890 2560 uiribus
924 2488 1000 2561 suis
1027 2500 1198 2585 parceret
1225 2498 1263 2561 ct
1287 2487 1481 2560 liberalem
1509 2485 1717 2559 doctrinam
1745 2486 1844 2557 intra
1869 2483 2041 2558 modicos

136 2610 233 2684 fines
260 2613 470 2687 contineret
497 2640 539 2686 ac
567 2615 702 2688 seriem
728 2616 1002 2713 praeceptionis
1029 2641 1106 2688 non
1133 2613 1248 2688 modo
1275 2615 1465 2687 relaxaret
1486 2627 1524 2687 et
1543 2616 1582 2686 in
1605 2613 1794 2686 anfractus
1809 2610 2039 2704 deflecteret,

138 2737 206 2812 sed
233 2739 405 2813 familiari
432 2742 544 2815 etiarn
579 2768 753 2816 sermone
791 2743 923 2815 callide
957 2747 1194 2839 temperaret‘
1230 2752 1267 2814 et
1299 2766 1393 2838 quae
1429 2753 1617 2814 secuntur.
1669 2742 1784 2813 immo
1821 2741 1852 2814 si
1894 2739 2040 2812 adules-

139 2867 331 2940 centulum
359 2868 422 2965 qui
448 2870 609 2966 primum
637 2895 814 2942 uersuum
840 2869 1125 2968 pangendornrn
1152 2869 1358 2965 perieulum
1393 2869 1558 2941 facturus
1592 2880 1672 2942 erat
1706 2870 1900 2943 instituere
1928 2879 2040 2963 atque

136 2992 176 3065 in
212 3006 354 3067 rectam
388 2995 489 3067 uiam
525 2996 661 3070 ducere
694 2997 852 3071 ‘uolebat
876 2996 1067 3089 Horatius,
1106 3023 1184 3070 non
1219 2996 1350 3069 debuit
1376 2997 1448 3069 hoc
1477 2997 1642 3069 officium
1670 2996 1721 3069 ita
1748 2997 1899 3094 explere
1927 3008 1968 3068 ut
1996 2996 2036 3067 in

143 3122 307 3193 carmine
333 3122 467 3195 tironis
494 3123 578 3196 usui
605 3123 792 3199 destinato
821 3126 968 3219 ‚seriem
997 3125 1198 3199 dilucidam
1227 3137 1263 3196 et
1288 3125 1392 3196 filum
1421 3122 1628 3197 didacticae
1655 3125 1861 3198 narrationi
1884 3149 2039 3197 consen·

140 3257 294 3319 tansum
324 3274 434 3346 saepe
461 3249 665 3325 desideres‘
693 3253 876 3347 (eiusdem
904 3255 975 3326 uiri
1002 3252 1208 3327 doctissimi
1235 3253 1353 3324 uerba
1379 3262 1467 3324 sunt
1493 3252 1515 3323 l.
1544 3252 1566 3323 l.
1593 3279 1627 3348 p.
1655 3256 1704 3344 8).
1757 3279 1877 3348 neque
1905 3251 2039 3323 adhor-

137 3374 253 3446 tantis
288 3377 456 3473 magistri
492 3378 559 3452 sed
595 3406 679 3453 eum
714 3381 812 3453 comi
849 3381 1009 3478 quadam
1037 3381 1287 3478 temperantia
1314 3378 1565 3452 dissuadentis
1593 3380 1702 3452 amici
1730 3405 1811 3452 esse
1842 3379 2038 3475 epistulam

140 3525 251 3598 snpra
278 3501 482 3577 indicatum
511 3510 645 3579 est14.

286 3729 307 3759 '⁰
325 3734 389 3784 hacc
409 3736 506 3785 scholia
527 3734 673 3796 crusnam
693 3736 725 3785 ad
745 3743 795 3785 sat.
818 3734 843 3800 l,
866 3734 907 3802 ΙΙΙ,
928 3734 964 3789 38
992 3742 1098 3790 tradunt
1116 3739 1264 3800 similiaque
1284 3737 1316 3787 ad
1336 3737 1410 3785 illum
1435 3736 1522 3785 locum
1543 3736 1611 3787 Acro
1637 3739 1695 3788 aliis
1723 3738 1965 3801 interpretamentis
1992 3738 2037 3786 in·

141 3821 247 3870 miscet
305 3823 385 3873 nimis
404 3831 492 3874 entem
512 3830 586 3874 cante
605 3824 747 3875 Massones
766 3825 816 3887 (Q.
836 3827 936 3876 Horatii
956 3828 1041 3878 Flacci
1060 3829 1133 3893 nita,
1152 3828 1235 3890 Lngd.
1257 3828 1313 3876 liat.
1337 3821 1415 3889 1708,
1436 3840 1461 3887 p.
1484 3823 1553 3889 lot)
1582 3828 1614 3877 de
1644 3829 1691 3878 hac
1711 3842 1738 3878 re
1758 3829 1859 3879 dubitat
1877 3834 1903 3877 et
1923 3828 2039 3888 quinqua

138 3909 199 3960 illos
226 3912 326 3961 iudices
345 3913 378 3962 ed
398 3914 596 3965 similitudinem
618 3914 727 3963 totidem
746 3915 862 3964 uirorum
881 3913 993 3966 Attente
1011 3924 1038 3967 et
1056 3919 1082 3967 ln
1101 3917 1190 3968 Sicilia
1210 3916 1355 3966 indicandis
1375 3917 1517 3966 comoediis
1537 3919 1737 3969 constitutorum
1761 3919 1835 3968 fictos
1855 3930 1915 3967 esse
1934 3918 2038 3980 conicit,

140 4012 199 4051 cnm
220 4002 283 4050 nihil
304 4002 367 4052 insit
386 4006 454 4064 qnod
474 4007 578 4069 probari
604 4013 726 4067 nequent.
782 4006 829 4055 sed
849 4005 917 4066 quod
937 4005 1094 4058 Streuherns
1123 4010 1140 4057 l.
1163 4009 1177 4057 Ι.
1199 4008 1326 4057 scholium
1348 4006 1525 4066 Cruuuiannm
1555 4007 1640 4058 adlert
1668 4021 1718 4070 qno
1739 3996 1859 4057 Pisodem
1889 4008 1921 4057 de
1950 4006 2038 4056 iahula

139 4091 278 4141 scribenda
300 4094 428 4152 cogitasse
448 4095 620 4161 demonstret,
640 4109 692 4145 non
713 4098 779 4145 hene
798 4096 868 4145 iecit.
925 4097 951 4144 iu
976 4097 1028 4147 illis
1053 4099 1122 4147 enim
1148 4098 1254 4147 scholiis
1273 4097 1306 4147 ad
1326 4102 1374 4146 art.
1395 4104 1464 4159 poet.
1486 4112 1512 4148 ιι.
1533 4094 1588 4149 386
1607 4100 1670 4147 haec
1689 4100 1846 4148 adnotantur
1874 4099 1966 4161 ‚olim
1986 4098 2038 4147 ali-

140 4181 253 4240 qnando.
291 4182 399 4244 scripsit
417 4184 488 4232 enim
506 4185 567 4235 Piso
586 4184 752 4248 tragoediss‘.
810 4185 882 4245 atqui
911 4185 1036 4235 Horatius
1063 4187 1107 4236 illo
1137 4188 1194 4236 loco
1219 4199 1271 4236 non
1296 4186 1328 4235 de
1348 4188 1488 4248 tragoediis
1509 4189 1613 4250 scriptis
1633 4188 1679 4237 scd
1699 4199 1765 4248 quas
1784 4188 1906 4237 Pisonem
1926 4187 2038 4236 tortasse

141 4270 300 4330 scripturum
320 4283 379 4320 csse
398 4274 546 4334 suspicatur
565 4275 697 4341 inanitur,
735 4278 823 4338 inque
849 4275 893 4338 ills
919 4275 1074 4325 scholiastae
1099 4277 1234 4339 explicatio
1254 4289 1306 4328 nne
1326 4290 1340 4326 e
1361 4277 1451 4326 multis
1470 4277 1537 4342 illis,
1566 4279 1593 4327 in
1621 4277 1772 4326 Horatianis
1800 4289 1904 4339 qnoque
1932 4277 2038 4325 scholiis

140 4358 208 4407 haud
228 4359 445 4425 labescentibus,
466 4368 507 4412 est
526 4376 590 4426 unas
610 4377 640 4414 cx
660 4367 724 4427 ipsis
744 4367 899 4428 scriptorum
919 4344 1007 4415 uerbis
1027 4373 1239 4417 coementatorcs
1255 4368 1391 4417 linxerunt.
1422 4368 1544 4417 similiter
1560 4366 1699 4416 scholiasta
1719 4366 2038 4416 rodicisVindohoueusis

143 4447 165 4497 u
186 4448 255 4510 apud
274 4450 389 4499 Passow.
410 4465 435 4513 p.
456 4450 604 4503 cxxxiiii
624 4454 778 4512 ,ΙΙοιιΙΙιιιί
798 4456 883 4517 iuquit
900 4456 978 4520 ‚lacit
997 4455 1065 4505 hunc
1085 4456 1179 4506 librum
1200 4458 1291 4508 amicis
1310 4458 1375 4522 suis,
1396 4458 1463 4519 patri
1483 4463 1509 4506 ct
1528 4457 1597 4519 liliis,
1619 4468 1728 4516 quorum
1750 4457 1832 4506 nisior
1852 4462 1907 4505 eret
1926 4457 2038 4517 scriptor

140 4537 421 4588 comoediarnm‘.

294 4632 313 4663 Ν
333 4638 358 4687 ln
379 4638 460 4700 prims
480 4639 580 4689 Horatii
600 4641 722 4706 editione,
742 4642 768 4690 in
789 4654 898 4693 excursu
917 4646 949 4694 ad
969 4658 994 4694 ιι.
1016 4642 1078 4709 uto,
1100 4648 1151 4696 nol.
1172 4644 1189 4697 ⁸2
1209 4662 1225 4710 p
1244 4642 1306 4697 ott.
1345 4652 1436 4709 postea
1455 4659 1518 4696 nero
1538 4645 1653 4695 Orellins
1673 4647 1740 4696 hanc
1760 4647 1917 4696 sententiam
1937 4652 2038 4696 retrac-

140 4730 211 4775 tasse
230 4727 343 4790 nidetur‚
363 4740 422 4777 cum
443 4727 484 4776 hlc
504 4741 628 4779 exeamus
647 4732 673 4780 ln
693 4733 769 4782 tertia
789 4738 858 4781 certe
878 4734 990 4784 editione
1010 4734 1112 4784 deletus
1132 4737 1174 4785 sit.

290 4820 312 4851 '²
330 4827 373 4875 die
391 4828 575 4889 priechischcn
595 4829 763 4893 Tragoedien
782 4828 798 4880 3
818 4847 842 4894 p.
866 4829 932 4883 itui
955 4846 1029 4898 seqq.

293 4920 314 4950 '⁸
334 4924 481 4976 Gntndrt'ss
501 4928 550 4977 der
568 4931 715 4980 romischen
734 4932 892 4998 litteratae,
913 4936 953 4984 ed.
979 4936 1026 4997 til,
1047 4936 1106 4985 adn.
1128 4930 1190 4998 987,
1213 4949 1237 4996 p.
1258 4929 1321 4983 375.

293 5020 314 5050 ¹⁴
333 5027 433 5076 accedit
452 5028 609 5090 uernhsnhi
630 5029 717 5091 opinio
736 5032 848 5090 unodm
868 5035 945 5084 modo
965 5035 997 5084 ad
1017 5037 1083 5084 hanc
1102 5047 1180 5095 quam
1201 5047 1216 5084 c
1235 5033 1376 5083 scholiasta
1395 5033 1578 5094 iihenangcnsi
1600 5032 1870 5085 incditoorelliused.
1884 5028 2035 5095 1‚tp.lttr

140 5113 225 5163 adlert
243 5115 379 5179 ‚Pisones‚
407 5118 564 5168 nobilissimi
585 5119 712 5183 Romani,
733 5120 850 5171 eliorum
879 5125 975 5186 scripta
996 5125 1148 5185 reprehendi
1173 5124 1309 5186 uidentes,
1339 5135 1371 5171 ue
1400 5123 1456 5172 suis
1476 5124 1614 5185 publicatis
1633 5124 1701 5172 idem
1721 5122 1882 5184 contingeret
1902 5123 2034 5187 timentes,

138 5201 277 5253 Horatium
297 5207 362 5255 artis
383 5210 498 5268 poeticae
517 5211 646 5271 optimum
666 5216 860 5272 praeceptorem
881 5219 910 5263 ut
928 5227 973 5263 eos
993 5215 1018 5263 in
1039 5214 1177 5264 scribendo
1197 5213 1344 5262 institueret
1364 5212 1541 5273 rogauerunt‘.
