4342 5722
1072 74 1119 147 sl

935 180 1161 189 ...η-Ἥ.
1168 183 1246 190 ιον-..ο

150 274 316 396 disputat
334 301 560 389 ταρακλῆοιου
577 301 635 390 γα’ρ
656 312 800 373 ἐστικαὶ
821 310 877 374 ἐπὶ.
896 306 948 390 τῆς
970 307 1140 391 γραφικῆς·
1176 313 1206 372 al
1229 300 1359 389 γοὶρπιο
1379 311 1558 409 ἐναλείψειε
1579 317 1641 384 τοῖς
1664 312 1841 384 καλλίστοις
1863 306 2039 394 disparium

146 428 254 513 χύδην,
277 430 329 496 οὐκ
352 426 389 496 riv
411 430 517 509 ὁμοίως
540 430 720 518 εὖφροὶυειευ
741 436 795 498 και·
816 431 1073 519 λουκογραΦὴσαα
1096 427 1208 506 sladum,
1226 454 1465 527 nequaquam
1478 440 1674 529 utramque
1688 443 1807 509 artem
1823 433 2037 515 uniuersam

149 556 330 651 conponit
356 556 423 630 sed
450 583 565 633 unum
592 557 770 656 quiddam
795 558 942 655 utrique
970 583 1156 631 conrnune
1192 582 1274 631 esse
1310 557 1498 631 obseruat.
1563 584 1636 656 qua
1666 585 1707 633 re
1742 560 1808 633 uix
1842 561 2038 660 quicquam

147 683 340 782 uolgarins
366 686 457 785 fingi
483 698 609 784 potest
634 687 807 786 quodque
834 687 983 787 saepius
1018 672 1117 784 apud
1152 687 1325 783 antiquos
1360 686 1562 784 scriptores
1594 687 1824 785 reperiatur:
1864 689 1903 763 id
1937 689 2037 790 quod

147 812 372 911 interpretes
399 812 547 888 Horatii
574 814 723 890 abunde
751 814 1021 890 demonstrant.
1050 858 1097 869 -
1298 805 1308 824 l
1519 819 1524 829 '

307 941 411 1016 Haec
429 943 523 1018 tere
559 945 675 1017 habui
708 969 803 1041 quae
839 944 885 1017 de
918 944 1131 1017 Aristotelis
1166 959 1247 1016 arte
1286 943 1435 1040 poetica
1472 968 1677 1017 monerem.
1742 945 1807 1020 sed
1848 947 1941 1020 alter
1981 958 2038 1021 est

148 1071 316 1145 eiusdem
343 1071 558 1170 philosophi
583 1073 680 1145 liber
705 1074 845 1170 passim
873 1072 947 1146 iam
974 1072 1163 1164 laudatus,
1203 1073 1265 1169 qui
1299 1072 1337 1158 in
1374 1071 1443 1144 hac
1479 1074 1697 1170 quaestione
1716 1058 1883 1173 'prorsus
1915 1077 2037 1151 omitti

146 1200 286 1296 nequit.
351 1200 389 1273 ni
424 1202 585 1295 mirum,
617 1201 824 1276 rhetorices
857 1202 955 1275 libro
991 1200 1157 1275 secundo
1184 1198 1380 1298 Stagirites
1407 1198 1453 1272 de
1480 1201 1649 1275 moribus
1676 1227 1743 1300 pro
1772 1205 1957 1279 aetatibus
1984 1204 2036 1277 di-

147 1328 266 1401 uersis
294 1329 471 1425 exponit:
499 1334 613 1415 ἡλικίαι
637 1333 661 1400 δ’
682 1339 741 1400 εισι
762 1330 899 1419 ιεότηι
921 1338 975 1398 και·
997 1329 1099 1416 rinnai
1114 1339 1300 1418 κοὶγεραι
1320 1329 1432 1439 (cap.
1466 1330 1545 1424 12).
1608 1329 1706 1404 idem
1735 1331 1822 1405 inde
1850 1359 1872 1405 a
1897 1358 1932 1405 u.
1964 1336 2035 1407 156

146 1457 195 1528 ab
222 1455 380 1530 Horatio
407 1457 461 1547 fit,
496 1456 562 1531 sed
589 1468 632 1530 ut
657 1467 831 1555 quattuor
858 1468 1000 1530 aetates
1027 1455 1296 1547 discernantur,
1323 1457 1483 1554 pueritia
1509 1457 1763 1533 adulescentia
1789 1472 1892 1535 aetas
1918 1462 2036 1535 uirilis

146 1598 344 1658 senectus:
372 1585 472 1683 quod
500 1584 697 1659 discrimen
724 1586 823 1660 inter
849 1586 1069 1683 scriptorem
1097 1582 1282 1659 Graecum
1301 1596 1348 1658 -et
1374 1583 1586 1659 Romanum
1613 1589 1800 1662 existumo
1828 1616 1848 1662 e
1877 1590 2035 1665 diuersis

145 1715 338 1811 utriusque
366 1715 487 1813 gentis
514 1715 682 1788 moribus
709 1724 819 1812 atque
847 1716 1026 1789 institutis
1052 1726 1182 1788 natum
1210 1739 1303 1787 esse.
1361 1715 1399 1786 in
1436 1715 1590 1814 singulis
1616 1719 1734 1791 multa
1760 1744 1849 1792 sane
1877 1745 2034 1818 congru·

144 1855 223 1916 unt.
276 1856 479 1940 puerorum
507 1843 670 1916 enimet
698 1842 979 1917 adulescentum
1006 1868 1131 1917 mores
1158 1843 1293 1941 partim
1320 1842 1475 1916 eosdem
1501 1845 1635 1942 partim
1664 1845 1865 1920 admodum
1894 1848 2033 1922 similes

145 1973 198 2044 eis
226 1997 308 2044 esse
341 1995 435 2069 quos
460 1970 660 2044 iuuenibus
694 1971 825 2050 tribuit
856 1971 1081 2046 Aristoteles
1120 1997 1199 2070 cap.
1232 1974 1276 2044 12
1322 1972 1527 2069 conpositis
1566 1974 1731 2073 utrisque
1771 2017 1819 2031 -
1858 1975 1896 2049 id
1931 1976 2033 2074 quod

143 2101 285 2172 maiore
314 2125 361 2172 ex
390 2110 495 2197 parte
522 2098 596 2171 iam
625 2100 672 2171 ab
701 2097 843 2172 Orellio
872 2099 1026 2198 aliisque
1052 2102 1192 2173 factum
1221 2111 1353 2174 est-
1379 2101 1556 2198 adparet:

244 2284 358 2382 gestit
382 2283 536 2382 paribus
563 2282 751 2357 colludere
984 2279 1148 2363 ΦιλόΦιλοι
1172 2286 1225 2347 καὶ
1247 2287 1421 2368 φιλι’ταιροι
1443 2284 1567 2361 μᾶλλον
1588 2281 1774 2350 τῶυοῖλλυυ
1795 2283 1928 2366 illatrix.
1978 2293 2032 2366 Φι·

1066 2393 1253 2470 tapetam,
1272 2389 1314 2459 διο
1337 2397 1390 2459 καὶ
1412 2391 1600 2479 εὐτράπελοι

243 2501 335 2572 iram
363 2499 505 2598 colligit
532 2500 592 2595 (ac
618 2498 726 2597 ponit
750 2502 909 2597 temere)
983 2506 1114 2576 θυμικοὶ
1143 2511 1198 2570 καὶ
1226 2504 1376 2588 ὀξυθυμοι
1405 2512 1458 2572 καὶ
1487 2495 1540 2572 οἶοι
1569 2505 1757 2573 dentosum
1783 2510 1822 2598 τῇ
1842 2508 1928 2598 δρμῆ.
1974 2511 2031 2575 θυ-

727 2634 731 2641 ’
1066 2613 1174 2692 acidam

243 2740 409 2802 mutatur
441 2728 480 2801 in
513 2727 636 2801 horas.
689 2728 918 2828 cupidusque
984 2729 1207 2812 ἐκιθυαητικοὶ
1235 2734 1289 2795 καὶ
1317 2719 1368 2795 οἶοι
1397 2739 1495 2799 roseth
1522 2719 1561 2796 clv
1590 2725 1628 2795 ιῖυ
1656 2728 1899 2815 ἐπιθυμήσωσιν.
1943 2731 2029 2811 εὐμε-

302 2869 340 2930 et
367 2871 491 2929 amata
515 2858 726 2956 relinquere
753 2859 886 2956 pernix
1065 2836 1194 2920 τοῖβολοι
1218 2845 1272 2905 καὶ
1293 2840 1436 2928 α’ψίκοροι
1460 2839 1531 2927 spic
1556 2836 1610 2916 τοὶς
1633 2845 1815 2922 ἐπιθυμίαι,
1839 2848 1893 2909 καὶ
1912 2841 2029 2931 σφόδρα

1064 2956 1121 3028 μὲι
1144 2953 1344 3029 ἐπιθυμοῦσι,
1367 2964 1492 3037 ταχέας
1515 2958 1546 3019 δὲ
1569 2952 1717 3019 παύονται
1862 2955 1864 2958 ’

240 3058 385 3130 utillum
411 3057 541 3131 turdus
567 3060 741 3156 proulsor
979 3065 1101 3144 μοῖλλου
1123 3066 1274 3147 αι’ροῦυται
1297 3063 1443 3149 τροίττειυ
1465 3061 1505 3131 τοὶ
1527 3062 1611 3131 καλοὶ
1632 3069 1691 3131 ταῖν
1712 3064 1928 3152 συμφερόντων

240 3169 421 3284 prodigus
447 3187 543 3259 aeris
597 3167 598 3170 Ἴ
836 3191 839 3195 ’
979 3179 1211 3268 (φιλοχρήματοι
1234 3179 1344 3268 ἥκιστα
1367 3181 1415 3249 dmi
1437 3179 1470 3248 ro*
1491 3181 1583 3268 μήπω
1606 3170 1720 3258 ἐνδείας
1743 3188 1954 3270 πεπειροῖσθκι

240 3313 409 3386 sublimis
978 3301 1131 3387 ὑπεροχῆς
1154 3303 1313 3380 ἐπιθυμεῖ
1330 3300 1347 3386 ἦ
1369 3298 1479 3387 νεότης.
1518 3303 1742 3390 μεγαλόψυχοι
1758 3299 1804 3378 (ου’
1818 3302 1921 3384 α’ξιοῦι
1937 3300 2028 3371 αὐτου

808 3398 813 3406 ⁸
1057 3411 1202 3493 μεγάλων
1223 3418 1472 3500 μεγαλοψυχία).

140 3586 212 3658 alia
240 3587 286 3660 ab
315 3588 494 3661 alterutro
523 3598 667 3661 tantum
696 3588 877 3686 scriptore
905 3598 1258 3660 conmemorantur:
1299 3611 1319 3659 e
1352 3609 1425 3683 quo
1453 3609 1590 3686 genere
1617 3595 1675 3658 est
1701 3583 1802 3682 quod
1828 3611 1860 3659 u.
1890 3587 1960 3658 162
1989 3595 2026 3659 et

141 3717 209 3788 163
238 3741 316 3787 non
343 3715 484 3790 habent
518 3715 618 3814 apud
651 3715 915 3814 philosophum
949 3741 1043 3813 quae
1083 3715 1156 3789 sibi
1193 3713 1448 3812 respondeant
1486 3725 1525 3788 et
1563 3713 1663 3812 quod
1701 3713 1857 3787 iuuenes
1897 3714 2026 3811 quales

137 3844 360 3916 Aristoteles
388 3843 565 3918 describit
593 3849 624 3915 οὐ
647 3848 815 3934 κακοήθεις
844 3855 932 3918 sunt
960 3847 1033 3913 αλλ’
1055 3845 1193 3933 εὐήθεις,
1214 3845 1366 3921 admotos,
1390 3846 1603 3934 α’νδρειὸτεροι,
1626 3851 1842 3932 αἰοχυυτηλοί,
1865 3854 2025 3930 ἐλεητικοί,

137 3972 236 4068 quod
269 3975 372 4042 ποὶυτα
403 3975 482 4055 ἄγαν
509 3980 693 4064 πρατιουσιυ
728 3984 765 4045 et
796 3984 905 4046 ειδέναι
940 3975 1041 4044 πάντα
1076 3979 1185 4043 οἴονται
1220 3982 1274 4042 καὶ
1303 3971 1553 4064 διισχυρίζουται,
1589 3970 1752 4043 maxime
1791 3996 1882 4044 uero
1923 3969 2025 4067 quod

137 4104 294 4180 εὐέλπιδες
329 4112 416 4175 sunt
451 4113 488 4174 et
522 4103 592 4194 ζῶσι
616 4108 655 4173 roi
678 4114 811 4173 rhetora
833 4113 944 4173 ἐκπίοι.
1000 4125 1157 4199 quorum
1190 4099 1393 4173 iuuentutis
1426 4099 1663 4197 propriorum
1690 4099 1853 4172 maxime
1881 4112 2024 4197 postre-

136 4253 250 4320 mum,
281 4230 339 4300 cui
368 4229 464 4326 apud
491 4229 757 4329 philosophum
783 4232 984 4329 plurimum
1010 4229 1196 4321 tribuitur,
1224 4227 1271 4301 ab
1290 4227 1447 4301 Horatio
1469 4253 1516 4300 ne
1539 4228 1695 4302 indicari
1717 4229 1865 4327 quidem
1887 4229 2023 4303 mirum

136 4368 234 4428 certe
264 4368 330 4429 est.
383 4359 501 4455 magis
535 4360 671 4433 mirum
707 4360 771 4452 eis,
808 4360 869 4458 qui
896 4359 1105 4433 Bentleium
1142 4357 1259 4432 secuti
1285 4381 1354 4454 pro
1382 4369 1562 4454 conperto
1591 4358 1804 4432 habendum
1834 4385 1915 4432 csse
1945 4359 2021 4457 opi·

134 4497 287 4576 uantur,
327 4487 364 4559 in
400 4486 458 4560 his
496 4499 666 4563 aetatum,
692 4488 969 4563 characteribus
1001 4500 1044 4562 ut
1069 4486 1291 4561 Aristoteles
1326 4497 1498 4559 naturam
1530 4498 1705 4585 sequatur
1739 4487 1792 4561 ita
1822 4486 2021 4561 Horatium

133 4612 348 4689 Aristotelis
374 4616 543 4715 uestigiis
569 4619 766 4711 institisse,
800 4619 873 4692 hoc
904 4617 1076 4691 uideatur
1110 4640 1264 4689 necesse
1301 4625 1358 4689 est
1383 4614 1484 4713 quod
1510 4617 1549 4688 in
1576 4617 1742 4689 uirorum
1770 4615 2021 4715 descriptione

134 4741 180 4814 de
209 4744 313 4817 nulla
339 4746 416 4820 sere
443 4773 484 4821 re
511 4748 609 4822 inter
634 4746 1060 4845 utrumque‘conuenit:
1088 4745 1153 4817 uix
1179 4743 1278 4817 enim
1307 4743 1406 4817 hunc
1433 4769 1583 4817 uersum
1610 4743 1860 4818 Horatianurr'r
1887 4744 1994 4843 (167)

601 4904 745 5003 quaerit
772 4928 864 5002 opes
892 4914 931 4977 et
956 4902 1147 4994 amicitias,
1175 4902 1333 4975 inseruit
1358 4901 1494 4976 honori

133 5082 352 5155 expressum
380 5059 520 5135 dixeris
548 5086 596 5135 ex
621 5061 680 5134 his
707 5060 944 5135 Aristotelels
971 5065 1071 5159 (cap.
1101 5059 1170 5157 14)
1207 5061 1274 5130 οὔτε
1297 5056 1369 5150 τρδο
1392 5062 1425 5130 ro*
1447 5064 1543 5132 naida
1565 5064 1672 5154 ζοῖκτες
1693 5063 1782 5144 μόνον
1805 5069 1872 5132 οὔτε
1894 5063 1965 5150 τρδς
1987 5058 2019 5130 το

130 5199 291 5276 euperpa
313 5189 399 5258 αἰλιί
422 5191 494 5281 πρὸς
517 5194 625 5276 ἄμφω.
670 5189 778 5287 plura
804 5215 953 5265 rursum
979 5190 1018 5264 in
1045 5189 1217 5265 senilium
1244 5213 1391 5262 morum
1414 5190 1608 5262 notatione
1631 5190 1826 5287 conparari
1849 5197 2019 5287 possunt,
