4342 5722
1121 93 1143 165 6

974 198 1291 212 υκαι-..ῃ

173 323 463 398 etmmeratione
489 346 693 421 eorumque
716 332 824 397 recto
851 348 923 398 usu
944 322 1214 422 praecipiende
1245 318 1515 418 adaequantia
1537 323 1593 414 iit,
1629 324 1764 419 quibus
1799 324 1901 422 quod
1934 326 1971 397 in
1998 324 2082 397 uni·

175 476 330 526 uersum
354 450 472 525 modo
500 449 628 524 docuit
652 449 702 523 ad
720 450 870 545 fabulas
897 476 1044 549 quoque
1074 437 1263 549 pertinere
1281 447 1531 543 demonstrat,
1558 476 1627 549 pro
1649 453 1762 525 uariis
1780 454 1896 527 rebus
1914 454 2078 528 termam

172 578 390 677 eligendam
411 603 500 653 esse
524 589 637 676 atque
663 578 890 652 seruandam
915 603 1039 676 neque
1064 578 1282 677 tragoediae
1309 577 1604 676 comoediaeque
1627 581 1773 654 colores
1796 581 2080 678 permiscendas

174 707 380 804 (89-98);
407 731 522 804 porro
548 719 592 780 ut
617 710 755 804 ροότιτο
781 706 1012 781 audientium
1040 707 1187 781 animos
1214 706 1262 780 ad
1288 718 1425 804 poetae
1452 707 1647 781 arbitrium
1677 707 1837 800 adiiciat,
1873 708 2079 787 dicentium

173 858 326 931 quoqne
353 833 471 907 uerba
497 845 535 907 et
562 858 758 908 sermones
784 859 896 932 quam
923 835 1201 946 accurati-ssime
1238 835 1354 908 rebus
1385 859 1644 932 personaeque
1677 835 1790 909 fictae
1819 835 2079 933 respondeant

174 985 335 1035 necesse
362 973 419 1035 est
447 962 669 1059 (ssa-118),
695 962 776 1036 siue
802 962 999 1035 rnateriam
1027 988 1047 1036 e
1073 963 1265 1037 ueteribus
1291 961 1432 1060 mythis
1454 963 1807 1060 narrationibusqae
1829 963 1903 1037 iam
1927 966 2078 1062 saepius

173 1065 823 1186 tractatissnmpaeris(lld-124),
849 1089 932 1162 siue
958 1089 1038 1187 ipse
1065 1115 1167 1164 noua
1191 1089 1348 1163 finxeris
1374 1102 1607 1188 argumenta,
1635 1117 1729 1189 quae
1749 1104 1792 1165 ut
1809 1092 1880 1165 sibi
1902 1103 2080 1166 constent

174 1216 343 1290 maxime
369 1214 574 1289 uidendum
600 1228 659 1290 est
686 1220 931 1312 (tat-tat).
984 1244 1069 1292 eum
1095 1243 1188 1292 uero
1214 1243 1316 1291 noua
1342 1217 1485 1315 fingere
1512 1218 1596 1316 plus
1623 1219 1764 1293 babeat
1783 1219 2013 1293 difficultatis
2036 1230 2079 1295 et

173 1344 345 1443 periculi,
385 1344 524 1418 rectius
546 1343 616 1417 diu
641 1345 803 1441 probata
827 1370 930 1420 nouo
958 1345 1074 1421 modo
1100 1345 1281 1420 tractabis
1319 1370 1390 1418 nec
1423 1357 1554 1418 tamen
1586 1346 1822 1420 inliberalem
1848 1347 2077 1421 imitatorem

166 1484 218 1547 te
242 1472 454 1570 praestabis
481 1473 726 1567 (tae-135).
779 1474 979 1547 exordium
1004 1475 1165 1571 simplex
1192 1473 1241 1547 sit
1263 1484 1300 1546 et
1320 1471 1535 1546 modestum
1554 1498 1676 1570 neque
1694 1474 1844 1572 longius
1863 1474 2076 1572 repetitum,

175 1598 317 1672 deinde
344 1600 523 1674 nonturno
553 1624 664 1674 cursu
690 1601 955 1699 progrediatur
980 1626 1129 1698 semper
1156 1612 1334 1675 euentum
1362 1625 1591 1697 praeparans
1620 1602 1752 1693 oratic,
1780 1627 1879 1676 neue
1905 1601 2077 1700 singulae

174 1740 303 1826 partes
328 1728 428 1801 inter
454 1752 495 1801 se
523 1727 737 1826 discrepent
761 1729 1019 1827 unitatemque
1045 1730 1199 1819 molent,
1227 1728 1296 1802 scd
1319 1740 1494 1801 accurate
1522 1729 1649 1801 omnia
1675 1729 1891 1804 concinant:
1917 1754 2077 1827 quarum

174 1856 358 1929 uirtutum
397 1854 587 1931 Homerus
625 1857 861 1954 praeclarum
899 1859 1117 1954 exemplum
1155 1856 1379 1954 proponitur
1413 1857 1718 1951 (tet-152)1⁷.
1771 1856 1907 1931 deinde
1934 1857 2078 1954 proprii

174 1983 355 2081 cuiusque
383 1984 516 2057 aetatis
542 2009 670 2058 mores
694 1984 877 2083 pingendi
904 1998 1015 2083 atque
1044 1997 1195 2059 strenue
1217 1982 1393 2057 seruandi
1414 1994 1511 2074 sunt,
1539 1995 1678 2058 utnon
1701 1983 1816 2057 modo
1836 1995 1961 2058 totum
1981 2009 2076 2081 opus

177 2137 293 2186 unum
322 2113 370 2184 sit
396 2111 463 2186 sed
490 2113 658 2211 singulae
695 2138 842 2211 quoque
877 2138 1060 2210 personae
1101 2112 1287 2209 simplices
1328 2111 1403 2184 sint
1436 2111 1582 2208 sibique
1615 2123 1791 2185 constent
1830 2110 2075 2209 (tos-178).

175 2264 294 2338 porra
322 2251 496 2315 accurate
523 2239 813 2317 discernendum
848 2253 904 2315 est
938 2240 1027 2338 quid
1059 2242 1098 2314 in
1124 2241 1206 2338 ipsa
1232 2264 1370 2313 scaena
1396 2239 1513 2313 oculis
1541 2238 1802 2313 subiciendum
1836 2240 1885 2313 sit
1913 2238 2076 2337 quidque

176 2367 384 2449 narrationi
422 2368 541 2467 magis
581 2368 802 2442 conueniat'
822 2370 1069 2466 (179-188)
1109 2393 1272 2463 curaque
1312 2365 1527 2441 adhibenda
1558 2380 1603 2441 ut
1636 2368 1736 2441 iusto
1770 2367 1913 2440 ambitu
1952 2391 2076 2465 neque

176 2495 295 2573 nimio
321 2521 567 2593 personarum
594 2521 752 2572 numero
778 2498 940 2570 molesta
965 2495 1146 2594 procedat
1171 2494 1309 2585 sabula,
1349 2506 1390 2567 ut
1424 2493 1583 2593 denique
1619 2495 1779 2591 simplex
1807 2495 1902 2569 sicut
1928 2494 2076 2567 initium

175 2623 291 2703 ctiam
317 2623 404 2699 finis
431 2623 479 2697 sit
506 2623 750 2721 (189-1aat
802 2636 998 2722 praeterea
1032 2623 1137 2697 chori
1164 2622 1331 2695 carmina
1355 2646 1452 2694 neue
1479 2646 1502 2692 a
1528 2621 1677 2694 fabulae
1705 2631 1925 2720 argumento
1953 2621 2077 2699 aliena

173 2751 254 2829 sint
280 2752 431 2849 eiusque
458 2752 640 2829 unitatem
666 2751 821 2825 turbent
846 2763 884 2825 et
909 2752 948 2827 in
974 2751 1140 2827 timueris
1174 2748 1370 2845 modisque
1397 2774 1420 2820 a
1445 2748 1562 2823 nimia
1587 2749 1652 2821 illa
1677 2774 1770 2845 quac
1806 2749 1945 2823 sensim
1970 2748 2075 2835 inua-

175 2879 299 2959 iuerat
323 2879 476 2955 licentia
498 2890 542 2953 ‘se
571 2879 785 2954 abstineant
806 2879 1056 2976 (193—219).
1108 2879 1167 2953 his
1206 2876 1312 2951 addit
1348 2874 1528 2949 Horatius
1569 2877 1659 2950 satis
1695 2877 1858 2974 amplam
1893 2875 2074 2955 cramus

174 3003 410 3085 Graecorum
436 3008 590 3106 satyrici
625 3009 913 3105 expositionem,
954 3006 1056 3104 quod
1094 3017 1339 3080 tractaturum
1378 3003 1549 3103 inprimis
1590 3002 1770 3083 admonet
1804 3029 1853 3077 ne
1888 3003 2076 3083 uocabula

177 3134 293 3233 eligat
321 3147 385 3208 aut
411 3135 523 3209 nimis
549 3135 636 3209 trita
664 3146 775 3232 atque
798 3134 983 3213 inmunda
1009 3146 1074 3208 aut
1098 3133 1248 3232 turgida
1276 3145 1386 3230 atque
1412 3131 1552 3224 inflata,
1588 3130 1655 3205 sed
1681 3142 1722 3205 ut
1749 3156 1921 3205 sermone
1949 3142 2075 3205 utatur

176 3262 338 3359 simplici
373 3275 411 3342 et
442 3262 488 3336 de
525 3263 650 3337 medio
688 3275 838 3361 sumpto
875 3264 1118 3361 (tao-250).
1170 3262 1295 3360 itaque
1330 3272 1531 3359 postquam
1566 3258 1613 3333 de
1648 3259 1796 3335 fabulae
1834 3259 1986 3349 unitate,
2026 3257 2074 3332 da

177 3403 400 3488 augumento
428 3392 602 3490 eligendo
626 3404 665 3467 et
685 3391 962 3490 pertractando,
990 3391 1036 3465 de
1057 3414 1302 3488 personarum
1323 3389 1507 3479 moribus,¹
1530 3386 1576 3460 de
1596 3388 1753 3463 actionis
1774 3387 2075 3482 narrationisque

176 3518 405 3612 discrimine,
433 3518 480 3593 de
507 3520 624 3595 choro
652 3520 811 3617 denique
839 3531 876 3593 et
908 3519 954 3592 de
989 3518 1156 3593 dramate
1197 3518 1359 3616 satyrico
1399 3542 1477 3589 non
1518 3541 1562 3588 eo
1603 3515 1753 3612 quidem
1792 3513 1923 3587 ordine
1963 3538 2075 3611 quem

178 3649 306 3753 solum
333 3648 439 3744 sequi
466 3675 509 3721 ac
536 3647 739 3723 defendere
766 3649 900 3747 possis,
928 3659 966 3720 at
991 3647 1094 3720 bono
1120 3657 1247 3719 tamen
1276 3658 1312 3723 et
1339 3645 1525 3742 probabili
1552 3644 1766 3740 disputarit,
1794 3643 1889 3716 sicut
1909 3642 2074 3739 priorem

179 3775 364 3873 epistulae
379 3787 525 3873 partem
538 3786 743 3849 metrorum
760 3775 1024 3873 explanatione
1048 3775 1294 3866 concluserat,
1321 3773 1373 3845 ita
1399 3770 1447 3843 ad
1474 3796 1623 3846 uersum
1651 3771 1801 3870 proprie
1829 3769 2075 3843 dramaticum

180 3904 305 4001 pergit
346 3916 392 3994 ei,
433 3903 615 4001 siquidem
655 3929 721 4000 per
759 3915 878 3975 totam
919 3902 1015 3976 hanc
1055 3900 1345 3999 disputationem
1386 3897 1642 3973 Romanorum
1675 3900 1838 3972 maxime
1872 3896 2072 3970 commodo

178 4030 370 4130 prospicit,
410 4029 570 4104 Romani
611 4031 746 4104 senarii
782 4044 970 4129 tamquam
1012 4031 1206 4104 historiam
1247 4028 1463 4117 adumbrat3
1505 4054 1578 4126 quo
1606 4027 1763 4101 Pisones
1798 4036 1951 4098 moneat
1983 4035 2074 4098 uta

334 4232 355 4261 ¹⁷
374 4248 427 4284 non
447 4235 512 4285 nulii
531 4237 688 4297 interpretes
708 4240 844 4296 propterca
865 4236 933 4296 quod
953 4238 1001 4285 hoc
1023 4235 1078 4285 icco
1098 4248 1184 4283 ncnc
1211 4235 1305 4294 tragice
1335 4233 1406 4294 poesi
1433 4232 1550 4294 rtanpia
1579 4182 1740 4294 acteiuntuq
1770 4230 1817 4280 sed
1844 4243 1858 4279 e
1886 4230 1964 4291 cyclis
1984 4229 2072 4289 atiquo

180 4330 259 4387 poeta
277 4330 305 4373 et
323 4324 447 4390 Homero,
477 4327 590 4376 mediam
620 4325 746 4388 epistulae
774 4330 874 4387 partem
904 4326 930 4373 in
956 4325 1099 4374 enarranda
1127 4325 1198 4386 poesi
1223 4324 1363 4372 dramatici
1383 4322 1483 4371 uersari
1506 4334 1613 4383 prorsus
1639 4326 1774 4379 negarunt.
1832 4321 1877 4369 sed
1907 4333 1965 4369 rum
1995 4319 2072 4368 modo

182 4415 313 4464 monuerit
327 4420 403 4476 poeta
423 4420 452 4464 ut
470 4416 610 4465 iliacum
630 4427 734 4465 carmen
755 4416 780 4464 in
801 4421 875 4465 actus
895 4415 1046 4477 deducetur,
1066 4414 1092 4462 id
1113 4419 1153 4462 est
1169 4419 1197 4462 ut
1212 4425 1241 4461 er
1259 4413 1329 4474 epita
1350 4412 1421 4474 poesi
1442 4419 1623 4474 argumentum
1638 4410 1853 4472 tabutaepetatur
1867 4410 1911 4473 (ct.
1928 4407 2073 4474 tteseqq.)

181 4528 216 4540 -
246 4503 321 4552 ἔοικε
343 4501 399 4571 μὲν
423 4497 480 4569 γάρ
505 4498 538 4567 (ὃ
558 4500 698 4572 Ὅμηρος)
725 4508 781 4552 τῶν
806 4505 903 4553 arctae
927 4498 1062 4552 ἁπάντων
1089 4497 1194 4551 τούτων
1218 4505 1276 4550 re‘r
1302 4503 1448 4566 τραγικῶν
1474 4504 1585 4566 πρῶτος
1614 4494 1785 4555 διδάσκαλός
1814 4516 1841 4548 ττ
1877 4499 1923 4548 καὶ
1958 4493 2073 4566 {rancis

183 4594 322 4660 periotes
342 4594 416 4643 Pisto
435 4595 467 4644 dc
486 4606 514 4643 re
534 4596 605 4657 publ.
629 4591 662 4644 10
682 4610 706 4659 p.
726 4591 795 4646 ⁵950
822 4622 871 4662 -,
899 4596 966 4646 baud
992 4594 1070 4645 dubie
1089 4593 1121 4643 ad
1142 4605 1171 4642 ee
1191 4605 1257 4655 quae
1276 4592 1308 4641 de
1328 4591 1459 4652 tragoedia
1478 4592 1596 4653 disputat
1615 4591 1778 4641 inlustranda
1798 4591 1922 4653 exemptis
1942 4603 1972 4639 er
1991 4590 2072 4652 epicis

185 4684 344 4734 carminibus
364 4685 510 4745 desumptis
530 4686 566 4734 uti
586 4692 679 4748 potest.
724 4688 844 4737 similiter
865 4685 1022 4735 Aristoteles
1042 4684 1068 4733 in
1088 4682 1313 4744 disputationem
1333 4682 1463 4742 tragoedia
1483 4693 1534 4729 non
1555 4680 1683 4729 dubitauit
1702 4679 1819 4742 exempta
1839 4679 1975 4728 flontrrice
1995 4678 2073 4728 adbi-

181 4776 263 4828 bere:
293 4782 361 4839 poet.
387 4772 463 4841 t3,'i
494 4776 609 4843 διοτέρα
631 4773 661 4826 δ’
680 4773 695 4840 ἦ
714 4775 808 4846 πρώτη
829 4774 967 4843 λεγομένη
988 4767 1039 4821 ὑπό
1059 4787 1147 4820 τινων
1167 4767 1222 4819 ἐστὶ
1251 4765 1379 4824 σύστασις
1407 4769 1602 4836 (τραγῳδίας)
1632 4788 1644 4830 τ,
1676 4769 1777 4830 διπλῆν
1807 4785 1834 4817 rs
1865 4763 1911 4829 τιζν
1941 4764 2072 4816 στ’·στττσιν

182 4865 300 4935 ἔχουσα,
321 4860 486 4931 sadriano
506 4860 520 4929 ἦ
539 4861 740 4933 ’arteriae
769 4867 816 4917 καὶ
838 4868 993 4916 ττλτοτοῖσιι
1012 4860 1041 4920 ἕξ
1061 4858 1192 4916 ἐναντίας
1212 4862 1271 4916 τοῖς
1288 4860 1411 4924 βελτίοσι
1432 4859 1478 4909 κατ’
1498 4863 1638 4924 χείροσιν.
1702 4854 1783 4922 list!
1813 4853 1938 4923 speravit·
1959 4850 2008 4905 cis
2028 4852 2072 4906 ὅτι

182 4954 231 5006 καὶ
251 4950 301 5012 tric
320 4950 412 5013 λῦστις
431 4959 487 5005 τών
504 4951 607 5024 μύθων
627 4955 656 5015 ἐξ
677 4954 760 5008 nitori
780 4958 825 5008 dii
843 4960 892 5005 τοῦ
908 4950 1003 5024 Ιαι’ΰοο
1031 4955 1199 5019 σοιιιβττὶνιιν
1233 4949 1279 4998 mei
1305 4945 1343 5017 ¹tre}
1372 4944 1466 5014 οἵσπερ
1486 4946 1517 4997 ἐν
1537 4951 1568 5015 τῇ
1588 4946 1701 5012 Μηὼίςι
1720 4941 1776 4996 tini
1792 4951 1922 5015 μηχανῆς
1950 4945 2009 4995 καὶ
2036 4943 2071 4995 ἓν

181 5039 370 5115 τῇ”1λιάδι
390 5039 424 5094 tri
444 5045 506 5113 napi
528 5041 576 5098 tir
596 5042 750 5098 «iudaicus.
802 5043 843 5111 tt,
864 5043 881 5096 3
911 5036 973 5094 οἷον
993 5035 1179 5095 ’θιῐοσστύς
1199 5033 1247 5089 dui
1267 5043 1312 5103 τῆς
1331 5038 1410 5101 oilae
1429 5037 1522 5092 ettae
1540 5034 1741 5103 ἀνεγνωρίσθη
1762 5030 1813 5085 tat
1833 5039 1877 5098 τῆς
1896 5040 2003 5102 τροφοῦ
2021 5034 2071 5085 καὶ

181 5132 276 5193 ἄλλως
295 5130 346 5187 int
367 5140 424 5186 τοῖν
444 5140 587 5200 συβωτῶν.
629 5134 671 5202 lli,
693 5135 709 5187 5
738 5134 752 5199 ἢ
772 5135 807 5188 ἰν
826 5133 990 5186 ’Alxlrou
1010 5125 1173 5196 τίτολὸγῳ
1194 5124 1438 5197 (τίνογνοίρισις),
1465 5123 1579 5178 τῖκοιῖων
1598 5121 1655 5194 reip
1675 5130 1724 5176 τσῡ
1744 5130 1912 5192 κιθαριστοῦ
1931 5126 1977 5176 καὶ
1996 5144 2071 5194 μνη·

183 5224 262 5282 σθοις
281 5221 443 5292 ἐδάκρυσεν.
482 5231 557 5279 aliter
576 5241 604 5279 se
624 5230 702 5279 habet
721 5229 851 5291 Odysseae
873 5223 1076 5302 conmemoratio
1098 5216 1139 5284 tt,
1161 5217 1186 5268 5.
