4342 5722
1099 74 1152 158 3⁵0

184 313 370 386 elementa
396 312 644 411 philosophus
679 336 756 386 non
790 312 1014 412 dedignatur
1049 294 1384 407 descenderamus
1419 311 1577 386 Horatio
1614 313 1740 386 aliena
1775 323 1879 392 sunt,
1910 351 1914 358 ·
1941 310 2073 385 eormn

182 446 275 515 uero
316 467 410 538 quae
450 430 497 515 de
536 442 641 539 epica
666 442 771 539 poesi
799 441 1019 516 disseritea
1044 442 1122 514 fere
1157 467 1251 538 quae
1286 441 1332 514 de
1366 440 1545 515 Homero·
1566 440 1759 539 praedicat
1792 448 1878 515 cum
1911 437 2072 513 Horatio

184 572 378 667 conparari
419 581 586 668 possunt.
636 594 762 666 ¹quem
802 580 843 644 ut
883 572 956 643 iam
996 583 1106 644 antea
1141 571 1365 643 Aristoteles
1403 570 1579 667 probauit
1613 582 1650 643 et
1685 569 1785 667 quod
1814 568 2072 643 ‘necessariam

184 699 341 773 actionis
374 698 554 771 unitatem
585 699 667 772 siue
703 710 782 773 arte
818 698 896 773 siue
930 711 1065 772 natura
1098 701 1236 797 optime
1276 714 1512 797 perspectam
1553 698 1727 771 habuerit
1767 709 1988 795 secutusque
2022 697 2075 770 sit

183 829 307 924 (8,·3)
349 839 386 900 et
420 827 521 924 quod
555 827 711 901 Achillis
751 854 897 901 morum
939 829 1085 927 insigne
1126 828 1339 924 exemplum
1379 805 1619 926 proposuerit
1640 825 1741 924 (15,
1781 828 1804 899 8
1844 825 1940 900 conf.
1978 822 2072 898 Hor.

182 980 218 1027 u·
251 958 322 1028 120
350 955 482 1053 seqq),
515 955 567 1029 ita
593 980 623 1028 c·
652 959 710 1049 23,
740 959 762 1030 3
788 957 894 1030 iustis
931 982 1015 1030 eum
1047 956 1220 1029 laudibus
1253 957 1362 1029 effert
1394 963 1437 1048 τῷ
1461 964 1536 1045 μηδὲ
1569 958 1621 1026 τόν
1656 954 1791 1040 adieram
1818 967 1928 1044 καίπερ
1954 962 2074 1041 ἔχοντα

183 1084 360 1172 timia-rai
381 1093 471 1161 τέλος
492 1072 687 1172 ἐπιχειρῆσαι
711 1098 807 1154 ποιεῦ]
829 1085 908 1161 ὅλον,
943 1085 1042 1183 quod
1071 1111 1212 1185 augens
1238 1083 1417 1190 Horatius
1445 1086 1496 1159 ait
1523 1085 1630 1183 (146)

600 1256 669 1303 nec
697 1231 856 1305 reditum
885 1230 1078 1306 Diomedis
1105 1234 1152 1306 ab
1179 1233 1330 1306 interitu
1357 1229 1548 1329 Meleagri

601 1386 671 1433 nec
699 1363 848 1459 gemino
876 1360 1015 1434 beilum
1043 1353 1247 1433 Troianum
1274 1360 1418 1466 orditur
1446 1360 1493 1432 ab
1523 1385 1605 1433 ouo.

183 1529 329 1576 summa
355 1516 478 1577 autem
505 1505 615 1594 laude
642 1508 865 1581 Aristoteles
894 1535 921 1582 c.
949 1511 1044 1601 24,7
1072 1506 1278 1580 Homerum
1309 1507 1594 1594 οτηαῐεὍμηροο
1623 1513 1653 1574 δὲ
1676 1505 1762 1573 ἄλλα
1792 1537 1825 1575 τε
1853 1504 1958 1574 πολλοὶ
1986 1504 2073 1588 ἄξιος

183 1631 380 1695 ἐπαινεῖσθαι
404 1636 457 1696 καὶ
479 1627 512 1717 δὴ
535 1636 588 1695 uui
610 1629 655 1698 ὅτι
676 1629 765 1711 μόνος
789 1636 845 1698 wir
868 1635 1068 1720 recursionis
1091 1625 1414 1710 investituram
1436 1630 1535 1697 αὐτόν.
1591 1631 1679 1697 αὑτὸν
1708 1628 1765 1716 reip
1795 1635 1845 1696 de?
1867 1625 1917 1695 riu
1947 1626 2073 1713 ποιητῆν

182 1746 340 1832 ἐλάχιστα
366 1756 485 1828 λέγειν·
525 1750 556 1816 οὐ
586 1753 644 1835 γάρ
674 1759 745 1844 aar,
768 1749 849 1817 κατά
880 1755 977 1817 ταῦτα
1004 1755 1151 1838 μιμητής,
1188 1772 1282 1844 quae
1311 1772 1358 1819 ex
1384 1759 1490 1844 parte
1518 1757 1617 1819 certe
1646 1747 1692 1818 ad
1718 1745 1756 1818 id
1784 1745 1952 1818 redeunt.
1968 1743 2070 1842 quod

182 1871 219 1942 in
250 1872 368 1969 cyolio
396 1885 509 1970 poeta
521 1872 772 1970 reprehendit,
800 1873 927 1947 laudat
946 1875 984 1947 in
998 1873 1165 1949 Homero
1189 1876 1262 1974 ,qui
1276 1877 1329 1948 nil
1342 1876 1495 1949 molitur
1508 1876 1646 1973 inepte‘
1666 1873 1820 1947 Flaccus
1835 1876 1923 1970 (136
1940 1872 2070 1969 seqq.).

182 2011 261 2071 tum
281 1999 504 2074 Aristoteles
527 2007 541 2071 d
567 2011 599 2072 δὲ
633 2001 751 2098 inquit
785 1979 1169 2099 dilyadpoiuioeoduevec
1200 2005 1315 2082 sv'ddc
1353 2009 1498 2087 εἰσάγει
1533 2007 1652 2096 ἄνδρα
1683 2035 1712 2073 κ.
1746 2035 1772 2072 τ.
1804 2013 1848 2082 a,
1890 2000 2072 2074 Horatius

184 2129 329 2224 (148):
892 2128 895 2134 ’
1136 2134 1138 2140 ’
1705 2133 1710 2140 ’

601 2255 747 2327 semper
774 2230 820 2330 ad
850 2242 1026 2304 euentum
1051 2231 1204 2305 festinat
1231 2244 1267 2305 et
1293 2231 1331 2304 in
1359 2231 1504 2304 medias
1532 2256 1592 2304 res

599 2384 676 2431 non
704 2383 811 2433 secus
839 2386 881 2433 ae
909 2372 1018 2434 notas
1046 2360 1257 2434 auditorem
1282 2361 1389 2458 rapit.

183 2512 319 2586 deinde
344 2512 502 2611 iiie§9:
530 2523 669 2604 δεδίδκχε
690 2524 721 2586 δὲ
743 2518 884 2598 μάλιστα
900 2521 1037 2606 ’Όμηρος
1065 2527 1118 2587 uui
1147 2516 1214 2594 rotie
1236 2518 1351 2593 ἄλλους
1372 2521 1475 2607 ψευδῆ
1499 2525 1602 2596 λέγειν
1630 2519 1668 2592 uic
1696 2523 1750 2594 tet,
1784 2513 1845 2588 hic
1870 2524 2071 2612 postquam

182 2643 289 2738 (144)
317 2642 487 2740 speciosa
513 2643 692 2715 miracula
719 2644 1016 2717 conmemorauit
1043 2644 1171 2740 (151):
1466 2645 1468 2651 ’

600 2783 709 2869 atque
736 2771 788 2844 ita
813 2773 1002 2862 mentitur,
1030 2772 1081 2844 sic
1108 2773 1207 2844 ueris
1234 2772 1329 2845 falsa
1355 2772 1539 2862 remiscet,

599 2900 794 2997 primone
821 2900 997 2992 medium,
1024 2900 1149 2973 medio
1175 2926 1224 2973 ne
1251 2899 1438 2997 discrepet
1463 2898 1590 2972 imum,
1618 2937 1659 2952 -

340 3055 472 3131 Restat
496 3067 538 3130 ut
565 3055 660 3130 duos
685 3058 792 3129 locos
819 3057 858 3129 in
886 3059 1192 3156 conparationem
1220 3059 1376 3131 uocatos
1403 3057 1531 3154 paucis
1558 3056 1763 3130 absoluam.
1821 3053 2069 3130 Hochederus

183 3186 293 3276 enim,
322 3185 383 3283 qui
411 3186 564 3259 omnino
591 3211 668 3258 non
696 3198 847 3259 ueretur
873 3212 983 3282 quam
1011 3186 1265 3261 diuersissima
1291 3211 1516 3282 conponere,
1543 3184 1566 3258 l.
1582 3185 1602 3259 l.
1616 3209 1651 3283 p.
1669 3187 1738 3258 163
1767 3210 1850 3257 cum
1864 3195 2067 3282 praecepto

180 3311 388 3420 Horatiano
416 3315 462 3388 de
490 3316 646 3389 materia
677 3328 851 3411 potenter
878 3316 1060 3420 sumenda
1086 3317 1180 3414 (38)
1209 3327 1389 3411 conparat
1416 3341 1445 3387 c.
1474 3316 1532 3406 25,
1560 3317 1583 3385 4
1616 3323 1645 3382 εἰ
1672 3321 1730 3396 μὲν
1758 3312 1816 3401 γάρ
1844 3322 2002 3401 προείλετο
2034 3315 2068 3399 (ἡ

182 3453 312 3529 ποίησις)
335 3445 533 3530 μιμήσασθαι
558 3447 624 3513 κατ’
648 3447 824 3526 ἀδυναμίαν,
849 3447 938 3532 αὐτῆς
962 3447 978 3533 ἡ
1001 3449 1146 3534 ἁμαρτία.
1193 3456 1230 3517 at
1258 3444 1448 3541 utriusque
1474 3441 1548 3515 loci
1575 3441 1776 3514 discrimen
1802 3439 1840 3512 in
1866 3438 2067 3549 propatulo

183 3583 248 3642 est.
313 3570 535 3644 Aristoteles
576 3573 673 3644 enirn
713 3572 759 3645 de
802 3572 854 3646 eis
894 3573 1007 3646 rebus
1045 3554 1209 3668 loquitur
1245 3598 1339 3669 quae
1375 3570 1507 3669 poesin
1541 3596 1617 3643 non
1652 3568 1811 3641 deceant
1836 3579 1875 3640 et
1901 3565 2067 3638 carmine

181 3699 331 3770 maritari
357 3726 434 3772 non
461 3701 621 3797 possint,
659 3698 964 3801 Horatiusquero
1000 3701 1063 3809 de·
1084 3703 1137 3774 eis
1163 3674 1257 3799 quae
1284 3701 1394 3774 unius
1422 3699 1576 3773 alicuius
1602 3709 1737 3795 poetae
1764 3697 1864 3769 uires
1891 3705 1930 3767 et
1955 3693 2069 3766 facul·

181 3837 296 3898 tatem
325 3840 512 3925 superent.
541 3870 588 3881 -
615 3827 708 3900 alter
734 3827 880 3902 Horatii
906 3830 1011 3903 locus
1034 3796 1097 3903 'hie
1125 3844 1183 3902 est
1208 3830 1315 3927 (361)

599 3968 641 4030 ut
666 3957 812 4054 pictura
838 3958 979 4054 poesis:
1008 3959 1077 4030 erit
1104 3983 1197 4054 quae
1227 3959 1257 4031 si
1284 3958 1436 4056 propius
1464 3969 1540 4030 stes

599 4098 637 4159 te
664 4087 787 4183 capiat
812 4088 931 4185 magis
960 4098 998 4159 et
1024 4086 1204 4184 quaedam
1234 4112 1318 4159 cum
1345 4086 1493 4184 longius
1521 4085 1658 4174 abates,

598 4213 691 4288 haec
719 4227 820 4289 amat
846 4216 1058 4308 obscurum,
1086 4216 1189 4289 uolet
1214 4215 1307 4288 haec
1335 4216 1403 4288 sub
1429 4215 1512 4288 luce
1540 4211 1660 4286 uideri
1686 4221 1770 4284 cett.

183 4358 339 4455 adparet
365 4371 486 4433 certas
513 4359 692 4457 quasdam
721 4374 758 4435 et
783 4363 955 4462 imaginis
983 4375 1021 4436 et
1047 4363 1171 4461 poesis
1199 4363 1356 4435 uirtutes
1385 4372 1421 4434 et
1447 4360 1537 4433 uitia
1563 4358 1686 4432 notari
1718 4368 1827 4453 atque
1860 4351 2076 4451 conparari.'

181 4487 306 4583 itaque
332 4511 410 4560 non
437 4501 536 4561 recte
563 4490 780 4588 plerumque
807 4491 899 4565 haec
926 4490 978 4564 ita
1002 4490 1157 4564 laudant
1183 4493 1287 4589 quasi
1318 4491 1356 4564 in
1391 4490 1608 4562 uniuersum
1641 4487 1767 4584 poesis
1802 4510 1886 4556 cum
1922 4482 2068 4580 pictura

183 4628 460 4711 conpararctur,
495 4615 560 4689 sed
588 4616 686 4690 idem
713 4618 895 4692 hocloco
922 4621 965 4692 fit
991 4619 1091 4716 quod
1119 4646 1153 4693 u.
1184 4624 1201 4692 1
1233 4646 1331 4718 seqq.
1362 4631 1399 4692 et
1426 4622 1446 4692 9
1477 4616 1680 4715 conpositis
1706 4615 1828 4713 poet-is
1856 4624 1894 4685 et
1918 4611 2067 4710 pictori-

183 4744 251 4818 bus
270 4745 312 4793 ⁰²
341 4746 481 4818 factum
510 4756 575 4817 est.
627 4772 748 4844 neque
775 4749 881 4821 aliter
906 4750 1130 4825 Aristoteles
1157 4750 1219 4847 qui
1247 4761 1284 4823 et
1309 4750 1387 4847 ipse
1414 4746 1562 4843 saepius
1589 4742 1855 4842 conparatione
1879 4767 1901 4814 a
1922 4739 2068 4839 pictura

182 4873 261 4946 siue
289 4872 494 4970 pictoribus
520 4873 636 4971 petita
663 4876 819 4970 utitur(
831 4883 862 4971 l,
890 4883 923 4951 4.
960 4881 992 4970 2,
1021 4881 1053 4951 2.
1089 4883 1122 4969 6,
1153 4883 1208 4951 11.
1247 4880 1305 4970 15,
1332 4879 1365 4952 8.
1398 4879 1457 4965 25,
1488 4882 1519 4947 1.
1550 4875 1640 4970 17),
1681 4898 1765 4946 curn
1799 4896 1828 4943 c.
1865 4873 1899 4961 6,
1936 4871 1980 4941 15
2014 4869 2068 4942 ita

331 5143 354 5174 ‘²
373 5163 439 5211 unos
459 5164 504 5212 pro
524 5152 646 5203 omnihus
675 5153 801 5204 artificum
831 5157 969 5217 generibus
998 5170 1048 5205 non
1069 5157 1150 5205 semet
1179 5155 1305 5204 nominari
1335 5154 1365 5205 0.
1394 5153 1499 5202 ininius
1527 5152 1685 5212 obseruauit,
1717 5113 1844 5212 Telephon
1868 5147 1923 5195 and
1945 5145 2058 5209 Trottor,

181 5236 267 5286 ritino
292 5233 367 5303 issi,
389 5254 413 5301 ρ.
436 5237 477 5291 iu.
