4342 5722
203 102 263 177 Cari
285 102 321 174 ri
341 105 378 173 δι’
397 104 492 175 edred
511 107 565 173 roci
585 103 699 192 &priseo
725 100 759 175 ari
783 113 887 185 limen
915 101 983 181 τοδι
1011 117 1270 190 κατοιχομένους·
1304 101 1381 173 ὅθεν
1407 102 1618 192 πεντάμετρον
1645 108 1689 192 τῷ
1708 105 1826 193 ἦρυιιιῷ
1854 107 2002 191 συνῆπτον
2030 105 2091 191 οὔχ

205 218 442 306 ὅμοδρομοὸντοι
460 218 500 307 τῆ
519 218 573 284 τοῦ
593 231 739 305 προτέρου
761 215 885 295 δυνάμει
908 218 986 286 eitt'
1009 208 1066 285 olor
1094 231 1318 286 ουυοιιτνέοντα
1345 223 1400 283 καὶ
1420 214 1658 300 οντβοννόμανον
1680 227 1746 291 ταῖς
1777 220 1829 283 τοῦ
1855 214 2091 302 τελευτήσαντος

204 327 344 417 τύχαις·
368 336 398 395 οἱ
415 333 447 396 δὲ
470 326 592 414 ὕστερον
615 328 685 416 πρός
708 325 831 396 ἅπαντα
854 329 1035 417 ἀδιαφόροις.
1085 327 1207 414 εὑρετήν
1234 333 1265 394 δὲ
1288 332 1341 395 τοῦ
1362 335 1495 405 ἐλεγείου
1517 332 1648 407 (φασὶν)
1675 334 1784 406 οἱμὲν
1813 326 1864 394 τόυ
1890 330 2091 415 Ἀρχίλοχον,

206 457 241 517 οἱ
254 453 286 514 δὲ
302 452 488 534 Μίμνερμον,
511 452 583 514 otti
599 451 750 515 Kalliroe
766 459 794 490 **
810 445 1017 534 παλαιότερον.
1053 445 1129 514 οὕτω
1144 453 1270 527 Δίδυμος
1294 455 1326 513 ἐν
1349 451 1391 534 τῷ
1412 452 1481 533 περὶ
1504 449 1633 531 ποιητοῖο
1649 445 1707 520 ²4.
1772 444 1833 541 qul
1866 445 1972 518 locus
2007 471 2092 519 cum

205 570 431 645 Horatianis
458 571 529 644 illis
555 571 727 645 uersibus
754 570 956 645 admodum
984 570 1180 669 conspirat.
1232 571 1334 666 atqui
1353 568 1549 642 Horatium
1571 569 1666 642 hanc
1694 572 1908 669 opinionem
1935 574 1981 647 ab
2009 573 2091 673 ipso

208 698 377 803 Didymo
407 701 594 799 accepisse
620 700 813 798 probabile
846 725 923 772 non
964 712 1036 793 est,
1076 697 1256 797 siquidem
1290 710 1390 771 recte
1419 697 1619 772 Mauricius
1645 694 1874 775 Schmidtius
1907 702 1944 774 in
1978 701 2089 777 docto

213 841 256 905 et
293 829 483 902 laborioso
518 829 614 901 libro
651 854 760 925 quem
800 829 846 902 de
880 827 1043 928 Didymo
1077 827 1323 903 Chalcentero
1364 827 1561 925 conposuit
1600 854 1634 926 p.
1676 833 1696 903 6
1737 830 1835 903 hunc
1875 856 1973 902 anno
2013 832 2090 904 fere

209 960 234 1031 'i
241 960 415 1031 12:42
442 970 571 1030 natum
600 983 680 1030 esse
708 959 924 1056 suspicatur.
983 969 1109 1055 potest
1134 983 1225 1030 uero
1259 954 1443 1057 Didymus
1483 956 1545 1028 illa
1579 957 1625 1029 ab
1651 957 1853 1031 Aristotele
1889 960 2091 1058 sumpsisse

209 1086 320 1161 euius
348 1085 394 1159 de
420 1086 491 1158 hae
518 1112 558 1159 re
592 1086 777 1159 sententia
811 1086 910 1184 apud
943 1086 1181 1161 scholiastam
1216 1084 1440 1159 Bobiensem
1477 1085 1514 1158 in
1546 1083 1736 1160 Ciceronis
1777 1088 1984 1161 orationem
2019 1113 2091 1186 ,pro

205 1213 355 1288 Archia
380 1240 410 1287 c.
442 1217 546 1307 10‚3
583 1226 687 1287 extat
728 1215 888 1313 ‚primus
929 1229 1053 1288 autem
1091 1215 1241 1288 uidetur
1280 1215 1484 1313 elegiacum
1524 1240 1672 1287 carmen
1706 1217 1898 1314 scripsisse
1926 1215 2091 1291 Callinos

208 1343 378 1443 (Aliinos
412 1342 536 1441 ood.);
577 1343 689 1416 adicit
724 1344 946 1417 Aristoteles
981 1356 1175 1442 praeterea
1204 1344 1276 1416 hoc
1311 1369 1430 1442 genus
1455 1356 1586 1442 poetas
1612 1344 1875 1417 Antimachum
1904 1343 2090 1442 Colopho-

207 1472 318 1547 nium
356 1472 624 1546 Archilochum
651 1471 802 1544 Parium
839 1470 1099 1545 Mimnermum
1123 1471 1409 1570 Colophonium,
1436 1499 1593 1570 quorum
1620 1498 1775 1546 numero
1804 1473 1952 1545 additur
1980 1473 2092 1546 etiam

207 1598 332 1676 Solon
357 1602 644 1676 Atheniensium
671 1601 797 1699 legum
823 1601 981 1699 scriptor
1006 1601 1272 1674 nobilissimus‘
1290 1604 1344 1674 ²⁵.
1405 1601 1470 1675 scd
1506 1612 1632 1674 tamen
1658 1602 1799 1674 nonin
1829 1602 2003 1675 omnibus
2029 1600 2091 1675 Di·

209 1730 329 1830 dymo
356 1743 394 1805 et
418 1731 611 1803 Aristoteli
640 1729 816 1803 conuenit
843 1741 879 1802 et
905 1730 1063 1804 sortasse
1090 1730 1151 1802 ille
1179 1756 1246 1803 sua
1272 1730 1420 1803 aliunde
1447 1730 1562 1827 petiit.
1627 1743 1852 1828 quapropter
1885 1728 2093 1804 Horatiana

209 1856 280 1931 illa
306 1856 353 1931 ad
379 1858 619 1934 Aristotelem
646 1858 843 1932 referenda
870 1884 951 1934 esse
978 1886 1054 1932 non
1081 1871 1237 1933 constat.

340 2224 344 2233 .
373 2168 451 2242 lam
478 2196 570 2244 uero
599 2170 646 2243 ad
673 2196 718 2243 ea
742 2171 1023 2268 proficiscamur
1048 2197 1141 2269 quae
1169 2171 1330 2245 certiora
1354 2169 1561 2243 uideantur.
1627 2168 1835 2268 Porphyrio
1866 2172 1965 2244 enim
1992 2194 2090 2244 eom·

209 2298 436 2371 mentarium
476 2324 582 2372 suum
628 2299 686 2372 his
724 2300 850 2373 uerbis
887 2299 1016 2397 incipit
1054 2300 1170 2390 ‚hunc
1207 2300 1344 2372 librum
1384 2299 1445 2396 qui
1484 2299 1697 2372 inscribitur
1744 2320 1791 2368 na
1818 2319 1911 2370 aare
1937 2318 2087 2371 Poamcs

216 2425 267 2498 ad
292 2424 332 2498 L.
357 2423 546 2520 Pisonem,
587 2429 648 2525 qui
672 2440 804 2525 postea
831 2427 934 2500 urbis
961 2443 1086 2501 custos
1112 2428 1192 2519 fuit,
1234 2429 1384 2526 eiusque
1412 2428 1549 2500 liberos
1576 2427 1677 2500 misit
1702 2431 1804 2523 (nam
1833 2437 1870 2498 et
1895 2427 1974 2523 ipse
2001 2423 2090 2499 Piso

210 2565 328 2652 poeta
364 2555 434 2629 fuit
473 2567 511 2629 et
549 2556 756 2629 studiorum
793 2556 1002 2630 liberalium
1041 2553 1231 2652 antistes).
1282 2559 1320 2631 in
1361 2582 1470 2654 quem
1504 2556 1642 2629 librum
1678 2557 1867 2653 congessit
1892 2566 2091 2652 praecepta

210 2659 450 2780 Neoptolemi
477 2684 523 2757 de
551 2699 629 2759 arte
655 2686 820 2782 poetica,
854 2712 931 2759 non
965 2684 1113 2782 quidem
1147 2687 1273 2758 omnia
1306 2685 1372 2759 sed
1406 2686 1720 2760 eminentissima‘.
1785 2686 1836 2759 ita
1870 2683 2090 2757 Fabriciana

215 2809 331 2885 editio
369 2814 458 2885 anni
501 2817 594 2886 1555
632 2813 724 2886 haee
757 2814 875 2887 uerba
909 2814 1071 2887 exhibet.
1133 2839 1217 2887 cum
1256 2827 1382 2887 tamen
1421 2824 1552 2887 notum
1592 2815 1640 2887 sit
1678 2840 1788 2911 quam
1823 2839 1954 2913 parum
1985 2823 2104 2887 certo¹

211 2939 457 3015 fundamento
485 2942 650 3015 nitantur
676 2942 798 3039 qualia
823 2942 936 3040 uolgo
963 2943 1271 3018 circumferuntur
1297 2942 1449 3034 scholia,
1475 2942 1635 3016 libenter
1661 2944 1899 3016 consulemus
1922 2940 2090 3016 codicem

212 3063 486 3169 Porphyrionis
512 3069 777 3143 Monacensem
805 3070 852 3142 ab
878 3068 1102 3146 Hochedero
1119 3077 1163 3124 ²⁶
1200 3072 1338 3170 publici
1364 3072 1454 3143 iuris
1481 3072 1631 3163 factum,
1657 3073 1719 3168 qui
1744 3085 1830 3169 post
1855 3069 2091 3167 Neoptolemi

212 3220 351 3271 nomen
378 3197 483 3271 addit
510 3204 564 3267 τοῦ
583 3204 739 3288 [lupiani
753 3199 809 3271 ²⁷.
861 3197 985 3294 itaque
1010 3198 1217 3275 Meinekius
1245 3202 1283 3273 in
1309 3201 1563 3274 analectorum
1585 3199 1927 3272 Alexandrinorum
1955 3199 2090 3295 epime-

362 3453 385 3485 ’⁴
408 3461 480 3524 haee,
506 3461 538 3510 de
564 3460 659 3521 onibus
682 3458 852 3508 emendandis
880 3458 945 3507 hene
965 3468 1115 3511 memernnt
1133 3462 1303 3512 ltnhnlienios
1327 3462 1359 3511 ad
1384 3457 1570 3509 Callimachum
1593 3456 1740 3510 Erneslitl
1770 3475 1795 3524 p.
1815 3455 1869 3509 459
1897 3465 1923 3508 et
1947 3456 2089 3507 Mauricius

211 3545 382 3613 Schmidtlos,
401 3550 502 3613 llidymi
523 3549 684 3631 Chalcenterl
704 3549 806 3612 traam,
828 3548 896 3611 lips.
920 3545 997 3613 last,
1018 3564 1043 3613 p.
1064 3548 1126 3616 asi,
1151 3553 1176 3601 in
1197 3553 1328 3602 codicibus
1348 3563 1426 3600 mann
1445 3552 1549 3613 scriptis
1568 3553 1604 3601 ita
1622 3553 1746 3614 disposita
1766 3552 1893 3615 leguntur,
1915 3555 1943 3600 ut
1962 3547 2088 3600 uocabula

209 3649 279 3700 qnae
293 3645 355 3689 sont
369 3633 525 3705 ιῦριτὴν...
548 3635 733 3707 παλαιότερον
745 3641 812 3689 inter
827 3643 1049 3709 κατοιχομένους
1061 3648 1087 3691 et
1097 3638 1165 3691 ‹ldir
1185 3645 1281 3692 inserta
1301 3654 1426 3691 concrum
1442 3620 1628 3693 sententiarum
1639 3644 1838 3706 interrumpent,
1858 3655 1935 3705 quam
1946 3643 1979 3691 oh
1992 3652 2047 3689 rem
2057 3651 2088 3690 ea

209 3728 301 3778 aedem
313 3736 463 3780 conmotare
477 3732 549 3782 iussi.
572 3739 660 3793 postea
672 3732 776 3781 demum
789 3730 840 3780 uidi
851 3730 1020 3782 Schmidtium
1031 3746 1133 3796 quoquc
1145 3734 1210 3783 lelso
1225 3734 1280 3783 loco
1300 3733 1412 3795 positum
1434 3745 1493 3782 esse
1512 3734 1573 3783 illud
1594 3735 1756 3783 enuntiatum
1776 3733 1939 3783 iudicauisse.
1966 3730 2036 3793 atqui
2061 3729 2087 3780 ln

209 3820 379 3882 etymologica
397 3833 493 3883 magno
513 3835 535 3882 p.
558 3817 621 3884 sai,
646 3822 654 3871 l
678 3830 704 3872 et
723 3823 748 3871 in
768 3821 934 3882 etymologica
954 3821 1072 3872 Gudiono
1092 3838 1116 3885 p.
1133 3820 1191 3887 tall,
1215 3821 1246 3872 lli
1266 3824 1367 3885 ltldymi
1389 3823 1494 3872 nomine
1513 3825 1648 3872 traduntur
1667 3824 1757 3872 cadem
1778 3823 1831 3872 lere
1851 3835 1916 3883 onae
1936 3822 1976 3871 hie
1995 3821 2089 3882 legon-

208 3913 262 3973 terr,
280 3911 378 3961 omissa
398 3917 485 3961 umen
506 3913 672 3961 inucotorom
694 3914 835 3962 mentione.
874 3913 956 3973 possit
975 3913 1052 3973 igitur
1071 3915 1200 3976 quispiam
1220 3916 1348 3976 suspicari
1369 3915 1443 3979 hanc,
1464 3926 1522 3963 curn
1542 3914 1609 3975 apud
1629 3913 1752 3963 Orionem
1773 3926 1822 3961 non
1844 3913 1911 3960 insto
1932 3912 1986 3960 loco
2005 3911 2090 3972 posita

208 3998 255 4060 alt,
273 3999 398 4050 insertam
428 4013 475 4050 neo
502 4014 517 4050 a
547 4000 655 4063 Didymo
684 4003 823 4063 proiectam
852 4015 920 4051 esse.
977 4011 1149 4053 cumvtamen
1178 4004 1222 4053 ille
1248 4001 1278 4052 iv
1299 4008 1336 4072 roi
1357 4003 1419 4069 περὶ
1440 4007 1563 4064 notorior
1583 4003 1644 4052 hace
1664 4004 1779 4052 dococrit
1798 4007 1852 4051 ete
1872 4002 1962 4062 fragm.
1983 3997 2001 4050 7
2019 4001 2088 4063 apud

207 4088 382 4140 Sehmldtlnm
402 4092 526 4153 adpareat
546 4105 605 4141 cum
626 4093 704 4140 etiarn
725 4105 789 4152 oneo
809 4093 841 4141 ad
861 4086 941 4142 u'itam
960 4099 986 4142 ct
1005 4106 1130 4155 personas
1150 4101 1283 4156 poctarum
1303 4096 1467 4156 pertinebant
1486 4094 1640 4156 respexisse,
1661 4094 1704 4141 illa
1724 4093 1833 4154 suspitio
1852 4092 1985 4141 abicienda
2005 4097 2054 4141 eat

340 4176 382 4216 '²⁸
400 4198 470 4242 recte
490 4193 678 4255 neronianus,
701 4190 847 4241 Grundriar
866 4194 914 4242 dec
932 4195 1112 4256 prirehiachen
1134 4195 1195 4244 tin.
1216 4196 1257 4244 cd.
1280 4196 1313 4260 ll,
1332 4195 1384 4244 ool.
1406 4191 1422 4243 ‘l
1442 4208 1467 4256 p.
1489 4193 1540 4243 414
1562 4195 1646 4258 priora
1666 4206 1768 4256 quoque
1788 4194 1820 4243 ad
1835 4192 2003 4243 Aristotelem
2023 4206 2088 4243 aoc-

205 4284 291 4330 torarn
310 4282 419 4344 rettulit,
439 4296 497 4332 cum
517 4284 543 4332 in
565 4285 648 4346 priore
669 4283 780 4333 editione
799 4284 831 4333 de
851 4284 897 4334 hec
917 4298 943 4334 re
963 4287 1127 4336 dubitauerit.

358 4377 382 4409 ¹⁸
399 4383 453 4434 Dea
474 4383 506 4445 Q.
527 4385 660 4435 Horonon
678 4385 788 4434 Flaccos
807 4384 881 4434 Bacch
899 4386 964 4436 tiber
982 4389 1025 4436 die
1044 4388 1210 4452 Dichtlronal,
1231 4386 1330 4437 Castris
1350 4386 1457 4434 Batanis
1481 4380 1556 4447 that,
1578 4398 1603 4446 p.
1629 4379 1676 4433 175
1696 4398 1769 4447 seqq.

356 4487 379 4519 ”
396 4494 579 4555 Bernhardyns
607 4497 694 4546 nescio
722 4507 772 4555 qua
800 4494 950 4543 aucmritate
979 4496 1051 4544 nisus
1078 4497 1159 4544 narba
1188 4497 1222 4544 ita
1247 4496 1327 4545 edidit
1353 4496 1396 4551 (de
1417 4495 1479 4543 lior.
1499 4506 1540 4554 ep.
1560 4493 1592 4542 ad
1611 4493 1663 4542 Pis.
1684 4508 1710 4556 p.
1730 4491 1783 4555 77)
1812 4494 1991 4558 ‚Neoptolemi
2009 4494 2088 4545 Porti

204 4578 271 4646 (ale)
288 4583 321 4633 da
339 4590 398 4633 orta
414 4585 537 4648 poetico‘.
577 4587 729 4635 franciscus
749 4585 834 4634 Donsa
856 4584 909 4633 lani
929 4584 946 4633 l.
967 4585 992 4632 in
1012 4586 1126 4635 auctario
1145 4587 1241 4635 uclcris
1261 4586 1464 4635 conmentotoris
1483 4598 1497 4634 a
1518 4586 1568 4634 lac.
1590 4584 1703 4647 Cruento
1722 4587 1784 4635 editi
1803 4587 1937 4643 (Horatius
1957 4587 1997 4635 ed.
2018 4585 2087 4637 Cra·

205 4670 294 4734 eolus.
330 4670 455 4738 Aninerp.
479 4670 559 4736 15117)
583 4689 609 4738 p.
629 4671 681 4726 695
709 4676 891 4739 Porphyrionis
918 4675 995 4724 narba
1022 4676 1124 4725 erhihet
1151 4677 1237 4738 qualis
1262 4689 1340 4738 snpra
1367 4677 1441 4738 posul
1467 4675 1584 4739 (omissis
1604 4678 1645 4726 his
1665 4679 1768 4740 circaque
1787 4678 1896 4739 liberos,
1923 4690 1989 4737 onae
2008 4678 2087 4728 etiarn

203 4760 236 4811 ln
252 4762 385 4814 neterlhos
404 4765 561 4816 editionibus
580 4766 699 4829 desunt),
727 4767 752 4814 in
773 4779 823 4826 qna
843 4779 870 4816 re
890 4772 976 4816 atrurn
996 4778 1092 4828 ‚manu
1110 4768 1234 4828 scriptum
1255 4769 1351 4830 pyobae
1370 4780 1400 4817 ae
1419 4770 1535 4819 sincerae
1554 4770 1693 4818 uetustatis
1712 4768 1845 4829 codicem,
1876 4782 1960 4830 equo
1979 4782 2008 4819 se
2029 4769 2087 4831 ple-

203 4862 288 4916 raque
304 4853 486 4917 Porphyrionis
504 4857 676 4918 descripsisse
695 4863 806 4907 testatur
816 4872 841 4919 p.
853 4854 914 4921 68⁴,
934 4870 967 4907 an
987 4859 1104 4920 uolgatus
1124 4858 1200 4909 huius
1220 4860 1375 4909 scholiastae
1391 4861 1519 4910 editiones
1537 4866 1644 4910 secutus
1663 4859 1697 4907 sit
1716 4872 1765 4908 non
1786 4860 1876 4919 liquet.
1915 4859 2086 4910 iaclleaotem

203 4940 307 4995 aneo
325 4948 404 4996 narba
424 4958 438 4994 a
459 4945 571 4996 llhrarlis
590 4947 673 4996 omitti
693 4955 820 5009 poterant,
840 4950 912 4998 cuins
932 4949 968 4998 rel
987 4949 1013 4998 ln
1034 4949 1117 5011 ipsios
1136 4951 1318 5013 Porphyrionis
1337 4950 1443 5001 scholiis
1462 4951 1544 5001 tactae
1561 4947 1846 5010 llenrlcusStephrnus
1866 4949 1983 5011 exempla
2003 4962 2087 5012 ουτο-

203 5034 267 5085 “arn
284 5042 401 5086 recenset
419 5036 446 5086 ln
466 5037 584 5088 dianihis
603 5039 724 5089 serandis
743 5039 775 5089 ad
794 5039 940 5105 Horatium,
960 5053 986 5102 p.
1011 5036 1061 5091 1511
1080 5041 1120 5091 ed.
1142 5042 1178 5091 lll
1198 5041 1259 5090 anni
1284 5037 1359 5090 ilitio.
