4342 5722
862 166 1157 281 ’.34

190 392 291 467 idem
318 393 391 467 iud.
419 393 466 467 de
492 393 605 493 Lysia
631 418 710 491 cap.
739 395 760 465 8
802 393 902 466 hunc
940 393 1132 490 praedicat
1170 395 1343 468 consulto
1383 394 1543 491 dataque
1584 416 1700 492 opera
1740 416 1784 465 ea
1820 391 1990 467 oratione
2024 393 2081 466 uti

191 548 287 620 quae
315 523 407 596 sine'
421 524 499 596 ullo
525 523 656 597 labore
681 533 771 595 nata
797 522 923 619 potius
949 546 1059 618 quam
1078 513 1378 597 iactauideaturi
1406 539 1567 613 πεποίηται
1589 523 1648 613 scip
1668 525 1751 613 αὐτῷ
1771 526 1858 592 τοῦτο
1880 522 1914 592 τό
1936 524 2086 611 ἀποίητον

190 662 245 724 καὶ
267 661 383 723 δέδεται
407 652 440 722 ιδ
462 661 631 733 λελυμένον
654 660 706 722 acl
729 663 761 721 ἐν
784 654 868 743 αὐτῷ’
885 658 930 742 rqi‘
948 656 992 740 μή
1014 661 1111 722 δονεῖν
1134 659 1231 730 δεινῶς
1255 653 1511 751 νατεσιενιίσθξι
1540 652 1573 721 τδ
1601 625 1696 720 decade
1725 655 1807 736 δχει.
1845 646 1962 746 ·qu0[l
1989 674 2084 722 uero

191 779 239 855 de
267 806 374 877 conp.
401 781 505 853 uerb.
534 781 582 852 20
609 779 738 852 rhetor
766 778 922 876 exponit
949 780 1157 853 orationem
1185 805 1253 877 pro
1287 760 1445 853 dicentis
1479 778 1687 852 adfectibus
1722 775 1864 850 uariam
1898 802 1981 851 esse
2017 775 2082 873 (id

190 909 292 1006 quod
319 909 431 982 etiam
458 908 681 981 Aristoteles
708 907 820 980 docet
845 907 939 982 rhet.
970 913 1001 999 l,
1017 911 1050 981 2.·
1074 911 1143 1002 2,1
1173 908 1284 1004 extr.)
1293 966 1302 1000 ,
1330 908 1368 980 id
1394 921 1471 982 tam
1497 933 1565 1006 per
1592 932 1632 981 se
1657 917 1761 1003 patet
1786 915 1828 978 ut
1853 930 1931 979 non
1958 905 2082 1003 magis

191 1039 239 1111 ab
265 1037 424 1110 Horatio
452 1061 672 1135 expressum
700 1036 748 1109 sit
773 1062 809 1109 u.-
839 1039 908 1108 105
937 1062 1055 1135 seqq,
1091 1063 1201 1134 quam
1239 1064 1335 1135 quae
1364 1037 1438 1110 iud.
1473 1036 1521 1113 de
1547 1035 1661 1136 Lysia
1692 1037 1716 1106 4
1752 1033 1925 1108 dicuntur
1952 1036 1987 1104 ον’
2016 1048 2082 1112 τοῖς

190 1168 315 1245 deducar
338 1166 471 1234 δουλεύει
495 1164 534 1233 rol
557 1165 724 1252 πράγματα
748 1165 818 1253 παρ’
840 1165 932 1254 αὐτῷ,
955 1179 1017 1243 τοῖς
1040 1173 1072 1235 δὲ
1095 1168 1271 1255 πράγμασιν
1293 1171 1471 1237 ductantes
1487 1167 1526 1234 ai
1548 1169 1683 1248 δνόμιιτιι
1714 1187 1827 1236 uersu
1859 1165 1929 1234 311
1960 1161 2103 1252 (conl.⁴

191 1293 240 1364 40
259 1290 352 1388 seq.)
378 1290 636 1387 respiciuntur.
690 1288 790 1385 qu'od
813 1290 844 1362 si
871 1315 965 1387 quae
992 1289 1038 1363 de
1066 1288 1249 1390 Dionysio
1278 1291 1378 1365 dicta
1404 1303 1492 1366 sunt
1517 1290 1810 1382 consideramus,
1837 1289 1931 1364 nihil
1953 1291 2081 1365 inesse

191 1419 348 1516 adparet
374 1444 446 1515 quo
475 1416 704 1490 adducamur
731 1429 772 1490 ut
797 1416 996 1491 Horatium
1025 1418 1103 1493 eius
1130 1420 1354 1517 scriptorum
1381 1421 1565 1493 rationem
1592 1418 1768 1493 habuisse
1796 1418 2001 1493 credamus.
2098 1510 2102 1517 ι

350 1545 424 1621 Sed
458 1573 534 1621 non
568 1558 714 1620 tantum
742 1542 874 1631 Graeci
909 1571 1040 1621 uerum
1066 1547 1137 1646 ipsi
1163 1573 1309 1646 quoque
1337 1545 1496 1621 Romani
1522 1572 1613 1621 mox
1640 1547 1763 1621 studia
1789 1547 1976 1622 rhetorica
2001 1575 2081 1623 arn·

189 1676 293 1774 plexi
319 1687 422 1766 sunt,
448 1675 486 1749 id
514 1676 725 1772 quodcum
753 1673 942 1748 Cornificii
969 1675 1048 1750 siue
1075 1676 1155 1773 quis
1182 1678 1276 1751 alius
1304 1688 1360 1750 est
1384 1676 1582 1763 rhetorica,
1598 1677 1645 1748 ad
1670 1676 1901 1750 Herennium
1929 1679 2080 1776 scripta,

189 1814 270 1878 turn
297 1803 488 1878 Ciceronis
520 1804 615 1877 uarii
641 1803 688 1877 de
714 1804 784 1877 hac
811 1798 901 1878 arte'
917 1806 1175 1879 commentarii
1201 1805 1472 1899 demonstrant
1525 1805 1650 1879 atille
1678 1807 1803 1883 statim
1829 1807 1935 1881 initio
1961 1805 2104 1894 totius¹

191 1934 316 2031 operis
349 1933 512 2005 maxime
540 1920 727 2005 diuersum
745 1933 803 2005 ab
830 1931 987 2006 Horatio
1014 1933 1190 2006 iudicium
1218 1933 1264 2007 de
1291 1931 1445 2008 Graecis
1472 1933 1654 2031 exemplis
1680 1935 1857 2031 proponit
1893 1935 1952 2030 (1,
1983 1939 2014 2009 l.
2041 1939 2080 2029 4,

193 2065 317 2156 1-7).
357 2087 451 2158 quae
475 2060 609 2133 deinde
638 2067 667 2149 1,
684 2065 716 2151 9,
735 2065 779 2133 14
800 2061 1035 2159 disputantur
1052 2070 1143 2154 ,tres
1164 2087 1224 2137 res
1244 2064 1422 2136 conuenit
1440 2062 1578 2135 habere
1600 2065 1864 2153 narrationem,
1887 2075 1930 2137 ut
1949 2064 2078 2138 breuis

190 2203 233 2264 ut
259 2190 422 2263 dilucida
447 2201 487 2263 ut
515 2191 594 2264 ueri
621 2189 750 2263 similis
779 2191 844 2264 sit‘
879 2203 917 2264 et
943 2194 976 2282 2,
1005 2193 1063 2282 22,
1092 2194 1139 2265 34
1176 2193 1332 2284 ,uitiosa
1365 2193 1549 2290 expositio
1578 2205 1635 2266 est
1662 2216 1755 2288 quae
1782 2192 1937 2264 nimium
1965 2192 2082 2289 longe

195 2319 397 2415 repetitur,
425 2319 483 2392 his
511 2318 661 2414 quidem
688 2319 818 2393 eadem
845 2321 923 2392 fere
949 2319 1164 2419 flagitantur
1191 2346 1284 2416 quac
1312 2321 1351 2392 in
1371 2318 1539 2394 Homero
1566 2319 1766 2393 laudantur
1792 2319 1839 2392 ab
1859 2317 2017 2393 Horatio
2043 2345 2083 2393 u.

193 2449 406 2537 146-152,
440 2446 506 2520 sed
539 2458 581 2520 ut
606 2449 699 2521 haec
725 2448 812 2522 inde
838 2449 959 2546 repeti
984 2475 1061 2522 non
1089 2461 1270 2546 oporteat.
1323 2450 1413 2523 item
1441 2474 1535 2545 quae
1566 2453 1604 2540 1,
1635 2452 1652 2520 1
1683 2459 1720 2520 et
1747 2451 1788 2541 3,
1818 2451 1883 2538 21,
1912 2451 1961 2521 34
1996 2473 2080 2527 seu·

188 2576 328 2648 tentiae
370 2576 621 2673 explicantur,
661 2589 779 2650 artem
818 2578 897 2650 sine
930 2577 1152 2651 adsiduitate
1185 2569 1333 2650 dicendi
1365 2603 1443 2650 non
1480 2577 1642 2649 multum
1673 2576 1801 2649 iuuare
1835 2587 1874 2649 et
1904 2588 2079 2650 naturam

190 2701 471 2801 doctrinamque
506 2705 723 2779 coniunctas
758 2704 907 2779 demum
940 2706 1085 2797 ualere,
1120 2705 1303 2779 accedunt
1328 2704 1477 2803 quidem
1504 2704 1552 2777 ad
1578 2703 1728 2783 Horatii
1751 2729 1785 2776 u.
1814 2706 1884 2777 202
1913 2729 2013 2803 seqq.
2040 2717 2082 2779 et

191 2835 264 2905 408
293 2858 413 2930 seqq,
450 2833 515 2906 sed
543 2834 660 2907 altero
687 2835 772 2908 loco
799 2835 851 2907 ita
876 2832 1097 2908 Cornificius
1123 2835 1285 2933 loquitur
1311 2846 1351 2907 ut
1381 2844 1499 2907 artem
1527 2832 1783 2931 non'ingenio
1810 2831 1877 2905 sed
1903 2832 1986 2905 usui
2014 2856 2079 2929 op·

188 2971 321 3058 ponat,
357 2962 473 3034 altero
500 2972 646 3035 tantum
673 2961 719 3035 de
747 2962 959 3036 exercenda
983 2963 1165 3036 memoria
1190 2964 1308 3036 uerba
1333 2963 1432 3036 facit.
1483 2963 1606 3060 itaque
1634 2986 1728 3058 quae
1756 2961 1853 3035 inter
1879 2972 2078 3057 utrumque

190 3089 411 3186 scriptorem
444 3083 684 3195 intercedere·
707 3089 827 3164 uideri
861 3103 1009 3191 poterat
1042 3092 1281 3166 necessitudo
1318 3093 1349 3166 si
1385 3090 1593 3165 accuratius
1619 3091 1837 3188 inquirimus
1876 3087 2079 3162 euanescit.

189 3217 453 3315 nequemagis
474 3217 664 3292 Ciceronis
685 3219 823 3317 scripta
843 3194 1028 3294 rlictorica
1049 3220 1228 3295 Horatius
1248 3221 1397 3295 uidetur
1420 3232 1570 3295 secutus
1593 3245 1686 3311 esse,
1709 3241 1930 3316 quamquam
1952 3217 1990 3288 in
2019 3215 2079 3291 his

192 3368 339 3441 quoque
367 3346 504 3443 passim
531 3349 687 3445 reperiri
721 3374 814 3446 quae
841 3347 1056 3423 Horatianis
1083 3351 1293 3447 praeceptis
1323 3350 1457 3424 similia
1484 3349 1557 3423 sint
1584 3358 1879 3421 consentaneum
1905 3356 1972 3418 est.
2025 3345 2081 3418 ita

194 3498 292 3570 quac
321 3500 342 3546 a
369 3487 482 3571 poeta
508 3500 530 3546 a
555 3502 590 3549 u.
608 3480 678 3550 100
706 3476 753 3550 de
779 3477 977 3552 mouendis
1005 3478 1215 3552 adfectibus
1242 3491 1483 3577 exponuntur
1509 3477 1704 3576 conparari
1730 3487 1890 3574 possunt
1915 3499 1998 3548 curn
2025 3473 2083 3573 eis

190 3601 358 3700 quaeda
387 3615 478 3676 orat.
506 3607 540 3695 2,
568 3608 628 3698 45,
659 3608 727 3678 189
757 3618 792 3680 et
820 3610 861 3698 3,
890 3610 954 3697 57,
983 3610 1054 3689 216
1089 3608 1202 3705 (conf.
1231 3620 1323 3682 orat.
1352 3611 1410 3700 38,
1443 3609 1511 3680 131
1542 3605 1634 3703 seq.)
1670 3604 1925 3702 disputantur:
1962 3626 2079 3700 porro

190 3756 284 3829 quae
312 3732 358 3804 de
387 3733 568 3831 eligendis
594 3734 787 3808 uocabulis
813 3732 992 3808 Horatius
1017 3748 1148 3810 monet
1174 3737 1237 3834 (45
1266 3739 1383 3834 seqq.)
1417 3734 1602 3833 quandam
1631 3733 1909 3806 similitudinem
1936 3730 2080 3803 habent

190 3884 274 3933 curn
311 3861 363 3933 eis
398 3887 491 3959 (quae
527 3860 573 3935 de
609 3875 700 3936 orat.
728 3867 769 3956 3,
798 3867 865 3955 43,
896 3867 967 3937 170
995 3863 1186 3938 docentur.
1248 3865 1315 3937 sed
1342 3865 1493 3964 grauius
1521 3861 1703 3961 estquod
1728 3859 1777 3934 M.
1804 3857 1947 3933 Tullius
1974 3857 2097 3931 idem'

58 4014 79 4057 ι.
189 3988 267 4061 fere
305 3988 351 4061 de
385 3990 580 4063 tractanda
615 4004 652 4064 et
679 3990 914 4063 emendanda
940 4004 1018 4065 arte
1046 3993 1210 4066 oratoria
1236 3994 1349 4066 sentit
1376 4006 1486 4090 atque
1521 3991 1568 4065 de
1603 3989 1707 4089 poesi
1740 3989 1917 4062 Flaccus:
1952 3968 2077 4130 quodp

191 4117 331 4214 optime
366 4119 541 4214 exposuit
575 4116 665 4193 Otto
697 4117 848 4193 Iahnius
882 4120 920 4192 in
948 4121 1178 4220 praefatione
1206 4121 1254 4194 ad
1280 4119 1472 4195 Ciceronis
1501 4107 1757 4194 oratorem⁷¹.
1810 4114 1939 4192 Cicero
1976 4113 2076 4187 enim

190 4247 288 4320 inter
308 4246 449 4343 primos
471 4246 663 4322 Romanos
690 4274 773 4322 cum
797 4232 970 4323 accurata
992 4250 1249 4348 exemplorum
1271 4248 1500 4326 Graecorum
1523 4246 1781 4347 exploratione
1805 4256 1842 4318 et
1862 4241 2078 4341 cognitione

191 4374 247 4448 sui
274 4374 399 4447 iudicii
426 4376 638 4450 libertatem
666 4377 862 4450 coniunxit
888 4389 926 4451 et
951 4379 1193 4475 popularibus
1220 4379 1317 4453 hanc
1345 4380 1530 4453 rationem
1560 4374 1835 4450 conmendauit.

349 4500 491 4577 Omnes
526 4517 651 4578 autem
686 4504 879 4578 doctrinae
912 4518 1037 4603 partes
1073 4507 1182 4580 simul
1210 4508 1416 4607 conplexus
1445 4517 1501 4581 est
1527 4506 1584 4578 uir
1609 4507 1708 4579 inter
1735 4502 1926 4576 Romanos
1955 4494 2078 4572 erudi·

189 4629 374 4722 tissimus,
412 4630 461 4703 Μ.
495 4631 692 4708 Terentius
726 4631 868 4725 Varro,
908 4634 1012 4708 cuius
1047 4634 1243 4710 Horatium
1284 4636 1422 4734 passim
1461 4635 1646 4708 rationem
1686 4632 1861 4705 habuisse
1893 4626 2078 4726 Bergkius

190 4760 374 4857 sagaciter
406 4761 565 4835 coniecit
598 4776 635 4836 et
667 4764 912 4860 probabiliter
945 4767 1120 4861 exposuit
1154 4768 1192 4838 in
1219 4764 1565 4838 conrnentationum
1592 4762 1638 4835 de
1666 4758 1831 4859 reliquiis
1858 4753 2077 4830 comoediae

189 4887 336 4961 Atticae
359 4888 530 4983 antiquae
554 4890 668 4991 (Lips.
687 4895 799 4990 1838)
819 4892 915 4966 libro
937 4893 1059 4991 primo
1082 4920 1116 4990 p.
1135 4898 1203 4966 147
1219 4920 1318 4991 seqq.
1340 4917 1411 4965 nec
1430 4891 1509 4963 fere
1531 4890 1610 4962 fieri
1638 4889 1761 4987 potuit
1786 4887 1874 4985 quin
1897 4883 2077 4958 Horatius

189 5016 283 5095 tanti
311 5016 380 5088 uiri
407 5018 544 5116 scripta
572 5021 723 5120 cognita
748 5020 914 5094 haberet.
954 5033 1181 5121 quapropter
1207 5020 1313 5120 quae'
1328 5020 1375 5092 de
1401 5019 1491 5092 tibia
1518 5030 1632 5117 poeta
1656 5017 1770 5092 tradit
1794 5041 1829 5089 u.
1850 5017 1921 5088 202
1950 5037 2051 5110 seqq.

339 5237 365 5268 '¹
390 5236 785 5304 sanctasanctorum,
811 5254 888 5304 quem
914 5243 999 5292 locum
1024 5243 1076 5292 ism
1103 5252 1180 5304 supra
1205 5255 1230 5303 p.
1254 5238 1286 5290 15
1310 5241 1355 5291 ubi
1379 5240 1412 5290 do
1430 5236 1530 5289 floruit
1551 5243 1577 5289 ct
1595 5237 1829 5291 alexandrinorum
1850 5236 1949 5286 ιιιιοιιο
1968 5231 2076 5295 exposta

190 5323 297 5377 Ιιιιδιιι
316 5328 401 5378 debui.
2072 5328 2075 5333 '
