4342 5722
1106 39 1153 110 26
1259 146 1288 151 .-

181 261 398 360 tragoediae
428 270 552 334 autem
578 270 705 357 partes
740 261 824 334 illae
859 272 1069 335 tractantur
1103 261 1252 358 quidem
1288 286 1311 334 a
1345 271 1469 359 poeta,
1510 260 1572 358 qui
1613 259 1661 333 de
1698 261 1794 352 μέθη
1832 258 1911 332 siue
1949 254 2083 329 fabula

180 415 217 463 n.
248 392 317 462 119
354 414 454 484 seqq.
497 387 671 484 exponit,
708 386 754 460 de
789 389 958 462 moribus
994 401 1032 463 et
1065 391 1251 462 sententia
1283 389 1400 481 (ἤθεσι
1425 397 1478 458 και·
1501 387 1638 485 διανοίᾳ)
1674 426 1722 443 -
1756 410 1844 459 nam
1877 396 2080 479 utrumque

183 518 367 591 artissime
396 516 639 589 coniunctum
667 525 723 586 est
750 516 847 587 conf.
878 518 911 606 6,
939 517 1021 586 5⁵⁶
1051 559 1100 570 -
1127 543 1161 589 u.
1192 519 1263 589 120
1278 541 1376 613 seqq.
1404 519 1474 588 154
1493 540 1593 611 seqq.
1618 517 1690 587 312
1707 538 1818 610 seqq,
1845 511 1891 585 de
1913 510 2080 584 dictione

159 629 286 741 ’(λέξιι
315 669 409 741 quae
437 657 474 716 et
508 644 586 740 ipsa
624 667 709 714 cum
746 649 859 730 διοινοίοι
895 642 1033 739 aliquid
1073 669 1258 716 conrnune
1300 643 1439 741 habet)
1481 669 1514 714 u.
1555 644 1601 714 45
1631 666 1733 739 seqq.
1774 643 1821 714 93
1851 665 1950 737 seqq.
1991 640 2077 710 217.

183 774 256 844 225
286 797 397 869 seqq,
424 771 481 844 de'
497 796 538 843 re
565 771 709 842 musica
731 769 927 865 (μελοποιίᾳ)
955 796 991 841 u.
1019 772 1091 842 202
1120 796 1231 867 seqq,
1268 771 1314 842 de
1342 770 1524 866 adparatu
1551 768 1711 864 denique
1740 766 1913 841 scaenico
1940 791 1974 839 u.
2005 767 2081 837 179

183 924 284 994 seqq.
311 898 517 995 perpaucis,
553 898 653 969 haud
682 896 794 968 dubie
823 897 1060 993 conprobans
1088 897 1180 969 baec
1207 898 1421 970 Aristotelis
1449 899 1506 992 (6,
1536 897 1606 992 19)
1640 900 1658 977 οἱ
1686 904 1718 966 u
1747 897 1822 985 ὄψις
1852 892 2081 982 degarensis

183 1026 242 1097 μὲν
264 1020 473 1105 οἶτεχνότιιτον
494 1026 525 1086 δὲ
548 1026 602 1087 καλ
624 1019 938 1104 intercolumnata
962 1024 1136 1106 ποιητικῆς·
1175 1024 1192 1105 ἦ
1220 1019 1277 1104 peip
1307 1022 1360 1103 τῆς
1383 1026 1547 1106 τραγῳδίας
1571 1018 1773 1097 δύναμιςκαὶ
1795 1014 1867 1083 οἷνευ
1890 1015 2003 1093 οἶγολνος
2025 1017 2081 1080 ιιιιλ

184 1138 352 1224 ιλτοιιριτῶν
374 1147 454 1204 ἐστίν
475 1136 589 1232 (conf.
619 1139 677 1227 14,
708 1138 738 1205 l.
766 1132 814 1229 2).
865 1140 910 1202 ἔτι
940 1144 971 1203 δὲ
1001 1151 1170 1223 κυριωτέρα
1202 1142 1271 1222 περὶ
1299 1134 1352 1223 τήν
1374 1138 1563 1223 α’τεργασίαν
1583 1139 1641 1204 τῶν
1663 1117 1767 1223 ὄψιμον
1790 1136 1807 1218 ἦ
1829 1136 1881 1201 τοῦ
1901 1134 2083 1200 σκευοποιοῧ

185 1276 285 1347 ιιχιη
307 1265 359 1348 τῆς
380 1269 438 1330 τῶν
460 1268 590 1349 ποιητοῖο
612 1271 710 1331 tarta:
743 1259 836 1332 haec
874 1259 1017 1349 omnia,
1053 1260 1223 1355 inquam,
1256 1269 1463 1357 tanguntur
1495 1257 1645 1356 quidem
1682 1257 1729 1329 ab
1756 1255 1914 1329 Horatio
1946 1253 2012 1328 sed
2038 1265 2082 1327 ut

184 1384 399 1458 Aristotelis
425 1387 610 1459 rationem
640 1411 725 1458 eum
752 1385 928 1458 babuisse
955 1411 1033 1457 non
1061 1386 1109 1457 sit
1134 1384 1235 1482 quod
1261 1385 1403 1458 credas.

344 1529 387 1602 In
414 1531 597 1627 proximis
623 1531 848 1603 Aristoteles
884 1528 930 1601 ad
964 1536 1066 1611 μῦθοι
1101 1528 1190 1630 siue·
1217 1527 1264 1600 ad
1298 1542 1559 1627 argumentum
1592 1529 1809 1628 tragoediae
1842 1526 2082 1601 tractandum

184 1658 308 1754 pergit
335 1658 381 1754 (c.
412 1658 562 1753 7-14).
616 1655 717 1754 quod
746 1682 856 1753 quarn
885 1656 1048 1727 maxime
1074 1654 1220 1753 flagitat
1248 1668 1289 1728 ut
1315 1658 1363 1729 sit
1390 1668 1428 1729 et
1454 1658 1614 1754 simplex
1641 1669 1679 1729 et
1696 1656 1805 1729 'recte
1832 1656 2080 1753 dispositum:

184 1781 244 1856 his
272 1783 371 1856 enim
404 1785 550 1858 duabus
581 1786 712 1877 rebus,
753 1784 894 1856 unitate
931 1793 968 1854 et
1003 1782 1133 1855 ordine
1169 1783 1332 1855 maxime
1361 1783 1600 1894 pulchritudo
1630 1783 1853 1874 continetur,
1888 1807 2001 1879 quam
2028 1781 2080 1855 ob

184 1932 274 2009 rem·
294 1936 356 1983 eas
383 1912 607 1984 Aristoteles
635 1911 900 2010 coniungit⁶⁶.
954 1923 1052 1978 κεῒται
1077 1912 1100 1977 δ’
1122 1913 1192 1995 ἡμῖν
1219 1910 1338 2007 inquit
1366 1910 1419 1997 τήν
1442 1919 1606 2001 τραγῳδίαν
1628 1921 1748 1990 τελείας
1772 1921 1825 1980 κοιλ
1847 1911 1917 1998 ὅλης
1938 1909 2081 1998 τραξεοις

186 2037 261 2103 εἶναι
288 2051 414 2125 μίμησιν
444 2039 495 2135 (7,
524 2039 579 2134 2),
615 2050 653 2112 et
678 2040 825 2137 plenius
852 2048 985 2136 postea
1011 2037 1093 2133 (23,
1124 2036 1169 2131 1)
1199 2036 1243 2106 ἔτι
1271 2046 1319 2106 δεῖ
1340 2037 1408 2115 τοιίς
1437 2038 1559 2121 μα’θους
1586 2037 1760 2106 σννιστοίναι
1791 2034 1993 2125 δραματικοιλς
2025 2041 2081 2103 καί

186 2162 256 2242 περί
277 2169 351 2236 μίαν
373 2163 483 2245 τροῖξιν
505 2158 577 2246 ὅλην
600 2168 653 2227 καὶ
675 2169 807 2245 τελείαν,
831 2166 967 2247 ἔχουσαν
989 2157 1090 2245 α’ρχην
1113 2164 1166 2223 κοιλ
1187 2171 1282 2238 μέσον
1305 2163 1359 2224 κοιλ
1381 2164 1482 2237 τέλος,
1505 2159 1542 2223 ἵν’
1563 2153 1662 2243 dara?
1685 2157 1759 2245 ζῷον
1780 2152 1813 2224 ἓν
1841 2153 1912 2223 ’ὅλον
1933 2159 2006 2246 ποιῇ
2025 2152 2081 2240 τήν

186 2276 555 2365 οι·ι;ε1οιηοοιηι,οῆλοι,
580 2302 673 2372 quae
701 2276 748 2348 de
776 2277 918 2349 unitate
946 2278 1104 2352 actionis
1131 2277 1319 2373 disputata
1344 2273 1397 2345 ita
1424 2298 1507 2345 curn
1536 2273 1589 2345 cis
1616 2297 1709 2369 quae
1738 2298 1768 2344 c.
1785 2275 1854 2364 7‚3
1877 2270 1924 2344 de
1947 2270 2080 2344 ordine

183 2396 383 2470 traduntur
410 2400 551 2496 (δείοῖρα
573 2402 641 2481 roric
664 2409 853 2479 συνεστῶτας
876 2400 910 2473 εὖ
930 2407 1052 2487 μύθους
1074 2407 1153 2491 μήθ’
1177 2404 1293 2474 ὁπόθεν
1316 2408 1431 2489 ἔτυχεν
1454 2402 1615 2489 ἄρχεσθαι
1637 2401 1716 2484 μήθ’
1746 2398 1820 2467 ὅπου
1847 2405 1945 2485 ἔτυχε
1974 2408 2080 2467 τελευ-

184 2531 251 2600 ταῖν,
275 2527 360 2593 α’λλοί
382 2533 562 2615 κεχρῆσθαι
590 2542 656 2604 ταῖς
686 2538 857 2616 ελρημένοιις
884 2535 987 2606 ἰδέαις,
1017 2527 1089 2600 hoc
1117 2538 1174 2601 est
1203 2533 1291 2620 α’ρχηῗ
1318 2536 1371 2596 καί
1399 2543 1486 2615 μέσῳ
1514 2534 1568 2595 κοιλ
1597 2522 1751 2618 τελευτῇ)
1787 2523 2005 2619 conspirant
2038 2533 2081 2595 ut

183 2650 376 2745 utriusque
404 2652 590 2725 artissima
616 2652 855 2725 necessitudo
882 2652 969 2725 inde
998 2654 1149 2727 eluceat.
1201 2654 1321 2751 pergit
1350 2665 1475 2724 autem
1502 2651 1553 2747 (8,
1577 2650 1613 2746 1)
1650 2655 1752 2729 ntea
1782 2653 1805 2718 δ’
1832 2658 1915 2720 ἐστὶν
1946 2644 1987 2727 είς
2018 2652 2079 2738 οὐχ

186 2775 287 2863 ὥσπερ
318 2785 396 2855 τινὲς
427 2784 536 2848 οἴονται
566 2781 619 2847 aaa
645 2789 714 2868 περι·
742 2789 795 2848 ἕνα
824 2777 842 2873 ἦ
868 2821 917 2833 -
945 2778 1045 2875 quod
1071 2782 1168 2853 bene
1196 2779 1405 2853 Homerum
1433 2776 1665 2851 intellexisse
1690 2817 1829 2868 -,...
1860 2775 1896 2873 (ᾧ
1925 2776 1963 2871 3)
1991 2776 2079 2846 allai

184 2909 255 2990 περὶ
277 2910 351 2982 μίαν
373 2909 484 2992 πρσῖἷον
501 2962 508 2975 .
527 2958 535 2973 .
553 2957 575 2972 ..
621 2901 657 3000 (ξ
685 2903 725 3000 4)
746 2904 810 2994 χρη
832 2903 901 2975 οἶν.
916 2956 948 2975 ..
972 2910 1022 2976 το“ν
1043 2914 1157 2993 pri-ior,
1180 2918 1250 2978 ἐτελ
1272 2907 1411 2996 προῖξεισς
1432 2917 1557 2994 μίμησίς
1580 2915 1656 2989 ἐστι,
1679 2910 1752 2988 μιοῖς
1776 2935 1809 2973 τε
1832 2905 1907 2973 εἶναι
1932 2911 1986 2973 καί
2007 2904 2078 2974 rati·

184 3050 237 3106 της
261 3020 332 3106 ὅλης
355 3028 409 3088 καλ
431 3022 470 3089 τοὶ
492 3037 570 3109 μέρη
592 3022 773 3093 σννεστοὶναι
795 3029 854 3091 τοῖν
875 3024 1065 3113 πραγμάτων
1088 3026 1181 3105 οὕτως
1204 3025 1282 3097 ὥστε
1303 3029 1554 3107 μετατιθεμένου
1576 3021 1654 3099 τινός
1675 3037 1786 3112 μέρους
1808 3021 1828 3108 ἦ
1848 3023 2078 3112 οἶφαιρουμένου

186 3142 394 3225 διαφέρεσθαι
417 3145 470 3207 ιιιιι·
498 3144 654 3209 κινεῖσθαι
684 3141 717 3209 τί
744 3140 823 3210 ὅλοι.
881 3140 988 3215 uides
1021 3144 1214 3217 Aristoteli
1247 3144 1285 3216 in
1319 3143 1393 3215 boc
1429 3167 1514 3215 cum
1543 3139 1701 3235 Horatio
1737 3141 1939 3214 conuenire
1975 3140 2078 3238 quod

185 3271 340 3358 uterque
368 3264 501 3336 unitati
527 3265 728 3361 plurimum
755 3266 895 3360 tribuit,
925 3269 992 3342 scd
1020 3297 1103 3343 curn
1130 3270 1231 3344 idem
1252 3296 1274 3342 a
1295 3269 1454 3343 Platone
1477 3269 1630 3366 aliisque
1651 3269 1791 3341 facturn
1812 3293 1894 3342 esse
1918 3278 2076 3362 constet,

184 3412 262 3458 non
299 3401 356 3461 est
390 3416 455 3462 eur
496 3392 534 3463 in
567 3392 640 3464 hoc
675 3392 917 3467 Aristotelem
940 3399 1057 3494 sequi
1097 3397 1295 3471 Horatium
1339 3397 1613 3487 existimemuS,
1653 3397 1873 3493 praesertim
1912 3422 1997 3469 cum
2035 3397 2076 3471 iu

185 3514 341 3612 singulis
368 3543 445 3589 non
473 3543 563 3590 sane
590 3545 729 3618 magna
756 3521 960 3596 similitudo
988 3525 1217 3599 inueniatur:
1265 3549 1424 3623 quorum
1451 3521 1634 3619 quaedam
1661 3523 1758 3595 infra
1783 3524 2076 3599 recensebimus.

137 3750 144 3760 .
187 3641 358 3715 ordinem
391 3671 482 3719 uero
514 3671 669 3743 prorsus
704 3647 854 3723 diuerso
890 3650 1004 3724 modo
1031 3650 1210 3725 Horatius
1237 3662 1372 3725 tractat
1399 3676 1434 3723 u.
1462 3652 1509 3721 42
1538 3674 1638 3746 seqq.
1698 3675 1819 3746 neque
1854 3650 1955 3749 apud
1989 3677 2077 3725 eum

134 3762 137 3769 ’
185 3768 278 3842 ordo
306 3782 382 3843 tam
411 3774 632 3847 coniunctus
660 3800 743 3847 cum
769 3775 834 3847 illa
856 3756 1011 3850 unitatis
1037 3780 1121 3877 lege
1149 3784 1279 3853 estv.
1310 3820 1355 3833 -
1389 3789 1502 3874 caput
1526 3802 1669 3850 nonum
1695 3778 1910 3851 Aristotelis
1936 3779 1975 3852 in
2000 3778 2075 3852 hoc

332 4022 357 4053 '⁸
375 4031 481 4080 omnino
501 4032 682 4083 distolllimom
703 4038 744 4082 est
758 4032 867 4082 definire
886 4035 949 4095 quid
968 4036 1003 4085 sit
1022 4031 1145 4086 διάνοια.
1184 4036 1340 4087 Aristoteles
1360 4035 1444 4086 tribus
1465 4035 1529 4085 loeta
1552 4036 1584 4086 de
1609 4048 1640 4085 τε
1664 4037 1730 4101 agit,
1757 4048 1780 4085 ο.
1799 4030 1826 4100 6,
1846 4030 1865 4086 6
1889 4029 2023 4086 διάνοιαν
2042 4033 2074 4087 dd

184 4112 285 4181 (λέγω)
305 4113 336 4165 ἰν
355 4113 431 4173 ὅσοις
450 4119 582 4186 λέγοντες
600 4115 807 4170 devorandam
825 4139 851 4171 τι
870 4121 885 4184 ἢ
904 4123 952 4173 καλ
973 4118 1184 4191 α’ττοηαίνονται
1204 4121 1331 4194 γνιίμην,
1360 4138 1382 4174 ο.
1403 4121 1429 4189 6,
1452 4121 1486 4175 16
1510 4129 1589 4174 τοῦτο
1609 4119 1759 4189 (διάνοια)
1785 4120 1813 4173 ol’
1836 4121 1893 4175 ίστλ
1919 4118 1950 4174 td
1975 4123 2074 4192 λέγειν

183 4199 325 4253 δύνασθαι
345 4200 379 4255 τοὶ
397 4202 497 4257 ἐνόντα
516 4208 563 4258 καὶ
584 4203 618 4260 ια’
645 4205 834 4279 ἁρμόττοντα,
864 4207 932 4281 ὅπερ
961 4211 1007 4264 ἐπὶ
1034 4218 1090 4263 τῶν
1116 4209 1213 4281 λόγων
1237 4219 1282 4277 τῆς
1306 4214 1452 4275 πολιτικῆς
1478 4213 1526 4264 καλ
1547 4212 1694 4282 ῥητορικῆς
1711 4213 1800 4280 ἔργον
1820 4209 1950 4264 lustr...
1979 4209 2011 4262 ἰν
2029 4204 2074 4271 οἷς

183 4287 403 4353 ἇποιλειιινύονσί
420 4313 446 4345 τι
467 4294 505 4354 oie
524 4299 601 4348 {oran
620 4298 634 4360 ἢ
654 4293 691 4354 οἷς
710 4295 759 4348 οὐκ
780 4300 857 4351 ἔστιν
876 4299 890 4365 ἢ
910 4299 1035 4352 καθόλου
1056 4320 1083 4353 τι
1102 4297 1323 4370 ἀποφαίνονται,
1343 4300 1446 4369 ο.19,1
1471 4305 1529 4354 {ora
1551 4302 1582 4353 dl
1603 4298 1674 4352 ιιατᾰ
1695 4297 1741 4365 την
1762 4298 1897 4353 διάνοιαν
1916 4306 2001 4352 ταῦτα
2021 4298 2073 4353 ὅσα

182 4376 235 4430 tud
256 4380 409 4451 τοῦλόγου
429 4385 475 4436 δεῖ
493 4394 769 4456 παρασκευασθῆναι.
796 4394 868 4460 μέρη
889 4391 919 4443 dt
940 4389 1046 4443 τοὺτιιν
1066 4389 1096 4443 τό
1116 4410 1143 4444 τε
1164 4388 1368 4444 ἀποδεικνύναι
1389 4391 1436 4442 καλ
1457 4388 1488 4443 ro'
1509 4388 1585 4443 λύειν
1606 4391 1654 4442 καὶ
1674 4387 1711 4442 ro*
1731 4387 1823 4455 πάθη
1847 4387 2072 4460 παρασκευά-

183 4469 261 4530 ζειν
281 4464 344 4524 olor
363 4475 443 4524 ἔλεον
462 4475 476 4538 ἢ
496 4473 586 4543 ηόρον
605 4476 621 4542 ἢ
640 4473 727 4544 ὄργην
748 4480 796 4530 καὶ
817 4477 867 4530 ὅσα
888 4487 1011 4532 τοιαῦτα.
1050 4497 1117 4546 quae
1141 4491 1274 4547 postrema
1293 4485 1410 4551 ,tortasse
1435 4495 1541 4533 mouere
1566 4495 1613 4532 nos
1637 4489 1749 4545 possunt
1771 4491 1801 4535 ιιι
1825 4497 1852 4534 ιι.
1878 4478 1915 4533 99
1934 4496 2009 4545 seqq.
2038 4485 2072 4535 od

183 4555 315 4611 διάνοιαν
335 4566 495 4618 referamus:
521 4580 582 4617 nam
602 4581 654 4630 qno
672 4571 760 4620 miuus
780 4572 820 4620 his
839 4568 910 4635 ὄψιν
930 4574 1044 4640 tractari,
1063 4575 1089 4624 td
1109 4575 1177 4636 quod
1197 4574 1355 4635 quibusdam
1375 4578 1481 4636 propter
1499 4586 1525 4622 u.
1548 4567 1600 4622 162
1617 4572 1705 4622 uisum
1725 4579 1774 4634 est,
1795 4578 1941 4623 abluamus
1960 4578 2072 4624 senten·

181 4649 276 4700 tiorum
296 4664 394 4704 coueru
412 4657 587 4716 prohibemur.
1123 4647 1127 4654 Ι

331 4746 355 4779 “
373 4755 441 4804 cont.
461 4756 508 4806 Ed.
529 4758 681 4823 utiliorum,
704 4759 797 4811 Garat.
818 4763 845 4811 6.
867 4762 977 4812 Theoi-te
996 4765 1023 4813 ιλ.
1044 4764 1134 4815 Κυαει
1152 4764 1192 4814 οτι·
1211 4765 1237 4813 d.
1258 4764 1347 4827 Attea,
1368 4758 1385 4811 2
1405 4775 1430 4824 p.
1455 4756 1512 4810 102-

330 4847 354 4877 ⁸³
372 4853 404 4902 ad
424 4856 550 4905 unitatem
570 4860 654 4920 qualis
673 4862 705 4911 at
724 4862 833 4911 Horatio
852 4867 977 4912 tractatur
995 4876 1045 4912 oon
1065 4867 1177 4925 pertinet
1199 4866 1292 4932 μοθος
1311 4857 1416 4915 ἁπλοῦς
1443 4861 1476 4910 de
1496 4872 1547 4921 (11¹⁰
1566 4873 1588 4908 θ·
1615 4856 1661 4925 13ι
1681 4858 1697 4909 ⁴
1717 4862 1815 4926 'tilulo
1846 4862 1891 4923 691
1922 4861 2007 4922 191111
2035 4863 2071 4913 ⁸¹²

178 4937 276 4999 optime
295 4941 451 5001 perspicitur
469 4944 579 4992 conlatis
599 4948 693 5005 quibus
711 4948 724 5012 ξ
744 4947 759 4998 7
777 4953 872 5017 μῦθος
891 4950 1008 5009 διπλοῦς
1027 4955 1186 5015 explicatur:
1218 4954 1335 5017 δευτέρα
1361 4947 1389 5001 d'
1412 4946 1427 5013 ἡ
1453 4942 1547 5014 πρώτη
1574 4949 1713 5018 λεγομένη
1740 4943 1792 4999 ὑπό
1819 4964 1905 4999 τινοιν
1929 4947 1986 4999 ἐστὶ
2008 4946 2069 5015 [σὺ-

180 5024 287 5092 στασις]
306 5045 321 5089 η
341 5027 441 5091 διπλῆν
461 5047 487 5080 τε
508 5027 556 5092 την
576 5027 704 5083 σύστασιν
725 5036 839 5103 ἔχουσα,
860 5035 991 5106 καθάπερ
1012 5036 1025 5103 ηι
1045 5036 1207 5105 Ὀδύσσειος,
1233 5040 1280 5090 καὶ
1301 5040 1456 5090 τελευτῶσα
1475 5036 1504 5095 ἐξ
1524 5036 1655 5094 ἐναντίας
1674 5039 1733 5094 τοῖς
1750 5037 1874 5101 βελτίοσι
1893 5037 1941 5089 καλ
1967 5044 2068 5108 χείρο-

180 5126 235 5163 σιν.
275 5117 341 5167 bene
360 5128 414 5167 rem
434 5120 553 5182 exposuit
571 5120 637 5172 (iod.
657 5123 823 5176 Hermsouus
843 5141 868 5189 p.
892 5124 952 5178 147.
991 5131 1077 5192 inque
1097 5143 1149 5179 non
1169 5136 1237 5179 recte
1257 5129 1413 5180 strenuom
1433 5142 1457 5191 p.
1475 5124 1511 5178 7³
1529 5129 1597 5178 tune
1622 5128 1706 5178 locum
1726 5128 1820 5177 attulit.
