4342 5722
256 324 314 401 De
351 326 509 400 consilio
550 326 649 424 quod
689 338 801 424 poeta
835 327 872 400 in
910 325 1184 399 conscribenda
1220 325 1381 424 epistula
1415 336 1566 400 secutus
1601 326 1650 400 sit
1683 326 1777 400 haec
1803 327 1999 401 monuisse

93 455 270 530 sufficiat.
322 480 408 528 cum
436 480 527 528 uero
556 479 670 552 supra
695 454 901 527 dixerimus
929 440 1003 527 boc
1029 479 1146 527 unum
1175 453 1365 551 quoddam
1393 478 1475 528 esse
1503 453 1653 546 debere,
1681 455 1832 528 iamed
1860 457 1996 530 seriem

94 585 369 657 sententiarum
396 609 467 657 nos
495 596 761 656 conuertamus
789 607 831 655 ac
858 607 948 655 num
977 581 1070 655 haec
1099 608 1184 655 cum
1212 583 1369 656 consilio
1398 583 1462 656 illo
1492 596 1676 681 congruat
1702 583 1998 659 consideremus.

95 711 163 809 qui
191 712 461 784 sententiarum
499 734 668 783 conexus
706 710 842 782 mirum
884 722 941 782 est
980 734 1091 805 quam
1130 711 1233 782 uarie
1265 735 1288 782 a
1320 710 1411 783 uiris
1445 709 1567 783 doctis
1605 711 1825 807 explanatus
1853 712 1911 804 sit,
1950 737 1996 786 eo

92 839 218 936 magis
243 839 380 911 mirum
408 839 584 935 quoniam
611 838 690 936 ipse
717 850 831 936 poeta
857 839 895 911 in
923 836 996 909 hoc
1023 836 1070 910 de
1099 863 1171 934 quo
1200 837 1345 934 agimus
1372 836 1501 909 libello
1529 836 1627 909 bene
1656 862 1699 910 ac
1721 838 1926 935 prudenter
1948 839 1996 913 de

103 965 236 1039 ordine
266 966 432 1064 disputat
457 992 493 1039 u.
508 970 555 1039 42
572 991 671 1063 seqq.
725 964 791 1039 sed
817 965 890 1039 hoc
916 966 999 1062 ipso
1027 937 1127 1062 quod
1155 991 1285 1038 eorum
1312 992 1406 1062 quae
1424 965 1496 1038 dici
1524 964 1665 1039 debent
1686 966 1895 1040 aliastatim
1912 992 2023 1071 pro-J¹

93 1094 279 1187 feruntur,
302 1094 375 1166 alia
397 1119 515 1191 eaque
537 1094 696 1192 plurima
720 1091 942 1166 differuntur
965 1093 1058 1165 ordo
1079 1105 1121 1165 ut
1134 1093 1329 1167 uenustior
1343 1095 1395 1166 ita
1409 1093 1646 1166 artificiosior
1660 1094 1787 1167 euadit
1801 1096 1997 1193 magisque
2017 1122 2021 1135 ’

93 1232 206 1319 grata
243 1223 424 1295 uarietate
463 1234 641 1295 moratur.
695 1233 804 1319 atque
832 1223 870 1293 in
897 1222 1027 1319 primis
1053 1219 1252 1295 Horatium
1286 1220 1358 1293 hoc
1395 1245 1503 1294 suum
1543 1233 1785 1319 praeceptum
1822 1247 1996 1297 seruasse
2019 1232 2025 1263 '·

93 1348 281 1440 uidemus,
308 1350 370 1446 qui
397 1349 534 1447 ubique
561 1349 844 1446 dispositionem
872 1375 950 1421 non
977 1350 1082 1445 quasi
1109 1348 1226 1447 digito
1253 1360 1466 1422 monstrare
1494 1348 1561 1421 sed
1587 1359 1629 1421 ut
1650 1349 1774 1423 bonus
1795 1351 1996 1449 ingenuus·

93 1501 170 1573 que
195 1491 308 1574 poeta
333 1478 539 1574 paullulum
568 1476 801 1551 abscondere
829 1478 958 1550 soleat.
1012 1489 1050 1549 et
1075 1476 1128 1550 ita
1153 1475 1305 1549 demum
1319 1500 1431 1549 omne
1454 1475 1527 1548 fert
1547 1488 1737 1572 punctum,
1764 1489 1807 1550 ut
1828 1477 1999 1551 admoni-

91 1604 264 1679 tionibus
291 1618 399 1703 atque
427 1607 636 1703 praeceptis
662 1606 802 1703 passim
830 1605 925 1701 aptis
960 1605 1053 1676 locis
1091 1604 1163 1675 alia
1193 1605 1448 1677 intermisceat
1480 1605 1600 1702 magis
1629 1603 1677 1676 ad
1703 1604 1994 1678 delectationem

92 1735 366 1830 conparata¹⁶.
419 1745 583 1807 attamen
609 1735 733 1808 inesse
761 1744 903 1806 certum
933 1730 1103 1804 ordinem
1129 1731 1294 1829 poemati
1324 1742 1481 1829 oportet,
1522 1756 1632 1827 quem
1665 1744 1708 1805 ut
1740 1743 1875 1829 poetae
1911 1756 1997 1806 csse

92 1857 177 1931 dixi
204 1885 223 1932 e
250 1861 372 1957 primo
400 1861 535 1934 obtutu
561 1885 769 1951 remouere,
797 1861 849 1933 ita
874 1860 1034 1957 legentis
1062 1871 1119 1933 est
1144 1858 1324 1957 indagare
1351 1870 1461 1957 atque
1489 1859 1677 1958 detegere.
1730 1858 1831 1956 qnod
1849 1876 1996 1933 'munus

89 1985 172 2058 iam
197 1987 250 2060 ita
275 1986 472 2086 adgrediar
511 2000 552 2061 ut
590 1988 816 2060 relicnorum
851 1989 1097 2084 interpretum
1130 1987 1208 2059 fere
1243 1989 1389 2060 ratione
1425 2012 1501 2060 non
1529 1987 1659 2060 habita
1684 2012 1795 2084 quem
1822 1986 1995 2061 ordinem

92 2113 223 2187 inesse
249 2114 328 2212 ipse
354 2128 483 2212 putem
510 2116 639 2213 paucis
666 2117 860 2212 explicem.

255 2267 423 2343 Exorsus
451 2271 563 2369 igitur
589 2270 636 2343 ab
665 2269 951 2342 adumbratione
977 2269 1098 2342 malae
1126 2270 1306 2367 picturae,
1333 2270 1438 2343 cuius
1461 2269 1636 2367 'singulae
1664 2280 1790 2367 partes
1818 2270 1889 2343 sibi
1915 2296 1994 2344 non

90 2397 334 2488 conueniant,
369 2422 485 2470 unum
513 2398 686 2496 quodque
714 2401 804 2473 artis
832 2424 925 2496 opus
953 2397 1159 2494 simplicem
1188 2409 1298 2493 atque
1327 2375 1440 2469 unam
1467 2395 1600 2469 decere
1629 2408 1801 2469 naturam
1830 2398 1995 2472 ostendit

88 2522 274 2597 Horatius
315 2525 496 2621 (1-23),
538 2553 649 2623 quam
689 2554 766 2602 non
795 2525 1010 2623 adsequeris
1037 2525 1109 2597 nisi
1146 2535 1241 2614 artc;
1286 2550 1358 2621 qua
1392 2525 1454 2622 qui
1487 2533 1616 2596 carent
1649 2524 1813 2621 speciem
1846 2536 1993 2598 tanturn

88 2654 188 2727 recti
216 2656 332 2754 (δόξαν,
360 2683 437 2729 non
466 2658 652 2754 ἐπιστήμην)
680 2656 966 2751 habentesque
995 2653 1143 2749 decepti
1169 2665 1292 2726 totum
1318 2677 1460 2750 ponere
1486 2652 1670 2744 nesciunt,
1698 2652 1834 2750 qnippe
1856 2653 1895 2725 in
1918 2678 1994 2751 quo

92 2783 224 2854 omnia
250 2809 458 2883 congruere
487 2796 660 2882 oporteat
689 2785 882 2882 (ut-37).
935 2781 1101 2852 maxime
1135 2791 1271 2872 autem,
1312 2792 1353 2853 ut
1385 2778 1522 2852 horum
1557 2803 1722 2852 errorem
1758 2780 1921 2855 uitemus
1956 2792 1994 2855 et

91 2918 214 2981 artem
230 2910 277 2983 ad
293 2911 570 3010 adsequendam
585 2913 687 2985 illam
716 2912 898 2984 unitatem
926 2909 1178 2982 necessariam
1204 2907 1315 2980 nobis
1343 2930 1548 3004 conparare
1571 2898 1770 3004 possimus,
1798 2932 1859 2981 res
1881 2932 1992 3005 quam

88 3040 288 3111 tractaturi
315 3066 443 3113 sumus
470 3067 538 3139 pro
565 3041 708 3113 uiribus
737 3038 910 3137 eligenda
937 3048 1004 3127 est,
1046 3061 1131 3108 cum
1166 3035 1219 3108 ita
1253 3034 1404 3108 demum
1441 3045 1550 3132 aptus
1587 3034 1681 3108 ordo
1722 3038 1917 3135 contingat
1955 3048 1993 3111 ct

89 3164 269 3238 facundia
295 3168 490 3266 (38-44),
533 3168 637 3241 cuius
664 3194 741 3240 non
770 3167 907 3264 exigua
933 3189 1021 3263 pars
1048 3164 1087 3236 in
1114 3162 1309 3235 uocabulis
1337 3162 1498 3260 antiquis
1524 3174 1625 3235 recte
1654 3162 1877 3237 adhibendis
1911 3189 1993 3238 uer·

91 3305 198 3367 satur
226 3295 462 3393 maximeque
489 3297 527 3369 in
554 3296 663 3369 nouis
691 3293 896 3393 secundum
925 3304 1046 3365 certas
1074 3289 1253 3388 quasdam
1280 3291 1384 3389 leges
1420 3289 1608 3388 fingendis
1648 3291 1843 3389 (45-59),
1883 3316 1992 3390 prop·

88 3433 198 3495 terea
225 3423 326 3520 quod
353 3435 391 3497 et
416 3435 546 3497 uetera
570 3449 648 3496 non
677 3447 825 3519 semper
851 3421 1041 3495 sufficiunt
1081 3430 1119 3492 ct
1153 3419 1237 3492 usui
1275 3417 1612 3516 obtemperandum
1650 3430 1707 3493 est
1741 3420 1991 3518 (60-72)1⁶.

89 3562 244 3648 praeter
271 3552 458 3625 uocabula
486 3562 612 3625 autem
638 3551 676 3623 in
704 3550 867 3622 carmine
894 3547 1041 3621 numeri
1069 3546 1117 3619 ad
1144 3547 1339 3618 materiam
1361 3544 1542 3618 accedant
1560 3570 1714 3619 necesse
1738 3559 1805 3639 est,
1833 3572 1991 3645 quorum

91 3678 201 3775 origo
242 3690 421 3777 quantum
461 3680 543 3751 fieri
583 3691 732 3776 poterat
772 3679 971 3774 nariusquc
1010 3701 1101 3749 usus
1140 3673 1306 3748 breuiter
1339 3673 1570 3766 inlustratur,
1612 3674 1804 3771 quosnisi
1831 3675 1992 3771 quisita

89 3804 272 3880 adhibere
308 3808 378 3881 seit
404 3819 444 3880 ut
477 3806 525 3879 ad
557 3832 638 3878 rem
673 3805 908 3879 tractandam
943 3804 1019 3901 apti
1048 3804 1123 3877 sint
1148 3803 1404 3899 unitatemque
1430 3802 1533 3873 illam
1559 3801 1749 3894 adiuuent,
1777 3804 1931 3877 omnino
1959 3804 1992 3878 is

90 3946 209 4031 poeta
233 3945 397 4033 nonest
422 3917 616 4031 (73488).

253 4088 358 4162 Haec
384 4089 482 4162 benc
511 4091 608 4161 inter
636 4115 675 4162 se
704 4089 904 4161 coniuncta
931 4112 1012 4160 esse
1041 4098 1079 4159 et
1105 4110 1216 4183 quam
1242 4085 1407 4157 maxime
1448 4109 1634 4156 conrnune
1669 4096 1778 4182 atque
1813 4087 1990 4183 generale

89 4215 357 4313 disputationis
385 4217 431 4289 de
459 4184 534 4289 und
564 4219 687 4313 aliquo
716 4217 841 4312 poesis
870 4240 1006 4312 genere
1029 4212 1280 4286 instituendae
1301 4211 1585 4284 fundamentum
1610 4212 1801 4285 continere
1823 4212 1989 4310 adparet.

86 4345 168 4416 iam
194 4368 285 4417 nero
313 4345 467 4441 propius
497 4344 543 4416 ad
571 4344 805 4440 propositum
833 4341 978 4415 accedit
1002 4352 1115 4439 poeta
1147 4364 1314 4438 quaeque
1355 4339 1442 4411 exin
1483 4338 1722 4436 expositurus
1758 4350 1825 4431 est,
1864 4340 1902 4413 in
1936 4341 1989 4415 eis

89 4495 241 4567 semper
268 4496 425 4543 scaenae
454 4471 720 4568 scaenicaeque
749 4471 874 4566 poesis
902 4470 1017 4542 habet
1055 4468 1251 4558 rationem,
1292 4468 1443 4564 eiusque
1483 4491 1568 4538 cum
1604 4465 1884 4540 adulescentem
1916 4467 1989 4543 Ro-

86 4622 245 4670 manum
282 4597 505 4696 adloquatur
544 4598 707 4671 maxime
741 4595 942 4670 Romanae.
1007 4597 1102 4668 lenis
1138 4610 1264 4668 autem
1295 4595 1473 4667 transitus
1507 4618 1530 4664 a
1564 4595 1754 4667 uariorum
1781 4609 1987 4669 metrorum

245 4844 266 4874 ¹⁸
283 4848 364 4898 ueluti
384 4844 419 4897 63
440 4860 512 4909 seqq.
537 4843 588 4896 158
608 4858 680 4909 seqq.
702 4841 755 4895 3⁸26
777 4859 851 4908 seqq.
874 4841 922 4896 391
947 4859 1022 4907 seqq.
1044 4837 1191 4907 quibusque
1212 4845 1236 4893 in
1257 4843 1309 4893 tine
1329 4843 1437 4891 insanus
1457 4850 1532 4903 poeta
1553 4842 1718 4893 describitur.

245 4942 264 4975 '‘
283 4948 351 5009 quod
363 4948 486 4997 Horatius
506 4947 574 4996 bunc
593 4948 678 4996 locum
699 4946 742 5006 qui
763 4953 803 4995 est
823 4948 856 4996 de
877 4947 1007 4996 nouandis
1025 4946 1160 4995 uocabulis
1180 4952 1218 4994 tot
1232 4944 1354 4994 uersibus
1370 4949 1473 5009 tractat,
1494 4956 1553 4993 cum
1571 4944 1691 5005 pauciora
1708 4943 1828 4993 sutiicere
1840 4944 1989 5009 uideantur,

86 5037 383 5093 idheuddubieiude
403 5037 584 5098 explicandum
604 5037 733 5097 estquod
754 5049 820 5086 noua
840 5036 978 5085 itlasecta
999 5042 1132 5097 poetarum
1152 5036 1185 5085 ob
1206 5036 1272 5084 hane
1297 5036 1381 5097 ipsam
1402 5048 1456 5084 rem
1486 5036 1554 5084 mate
1582 5035 1697 5084 audiisse
1722 5036 1835 5099 uidetur,
1863 5036 1988 5086 Horatius

87 5139 154 5177 uero
174 5128 252 5177 nimis
271 5133 357 5176 artum
377 5128 507 5176 sermonis
527 5128 653 5176 ambitum
674 5127 874 5176 detrectabatur.
915 5132 983 5174 certe
1004 5127 1082 5175 etiam
1103 5126 1129 5174 in
1149 5124 1260 5187 epistula
1281 5125 1312 5175 ad
1334 5126 1436 5175 florum
1458 5128 1563 5188 scripta,
1585 5119 1611 5188 2,
1627 5121 1653 5188 l,
1676 5121 1822 5187 tttseqq,
1843 5125 1875 5175 de
1895 5126 1988 5176 eadem

85 5230 117 5268 rc
141 5217 261 5278 pluribus
282 5218 394 5278 exponit.
