4342 5722
1020 115 1064 184 17

84 337 291 416 -Simonem
317 341 380 437 qui
405 350 475 433 περὶ
496 339 642 429 ποιήσεως
668 337 800 439 (Diog.
825 338 950 415 Laert.
978 342 1012 432 2,
1042 344 1153 434 122),
1190 341 1251 414 uel
1277 340 1460 416 Phaniam
1487 343 1549 441 qui
1579 352 1647 434 περὶ
1667 353 1797 436 ποιητῶν
1823 345 1982 443 (Athen.

94 471 133 562 8,
163 470 307 566 352⁰),
347 470 409 543 uel
439 466 701 558 Heraclidem,
726 467 787 566 qui
822 476 891 557 rapi
913 471 1070 557 ποιητικῆς
1091 476 1146 539 καὶ
1166 475 1225 539 reia
1246 475 1376 556 ποιητῶν
1408 469 1539 570 (Diog.
1572 470 1693 545 baert.
1721 474 1762 564 5,
1791 473 1881 569 88),
1920 474 1983 547 uel

90 598 370 697 Hieronymum
394 597 456 694 qui
481 605 552 687 περ)
573 602 702 685 ποιητῶν
729 607 990 670 conmentatus
1017 608 1075 670 est
1100 597 1262 697 (Athen,
1290 602 1353 691 14,
1383 600 1516 696 635¹),
1552 600 1613 672 uel
1639 598 1981 693 Chamaeleontem,

92 728 203 803 cuius
230 750 324 824 quae
360 727 406 799 de
432 725 622 824 Aeschylo
658 722 758 821 apud
785 723 1021 797 Athenaeum
1059 729 1099 818 1,
1128 728 1202 798 211
1242 725 1431 823 leguntur·
1452 727 1498 800 ab
1534 727 1796 825 interpretibus
1831 726 1983 826 quidem

93 856 249 932 conlata
280 866 368 929 sunt
402 879 486 926 cum
511 850 727 926 Horatianis
760 852 932 925 uersibus
968 854 1185 947 278-280,
1225 853 1292 928 sed
1326 879 1403 927 non
1438 856 1557 954 magis
1593 883 1616 929 a
1647 855 1781 968 Flacco
1808 856 1983 930 uidentur

99 1008 278 1083 expressa
307 1008 388 1056 esse
415 1006 527 1080 quam
553 981 627 1054 duo
655 978 886 1055 Dioscoridis
915 964 1182 1078 epigrammata
1208 981 1364 1077 (anthol.
1392 981 1468 1056 Pal.
1497 989 1531 1075 7,
1558 988 1642 1059 410.
1661 985 1763 1081 411),
1791 976 1883 1083 quae
1910 986 1981 1083 pri·

95 1138 183 1188 mus
208 1111 325 1186 edidit
350 1111 547 1185 Horatium
575 1136 619 1183 ea
644 1110 856 1208 respexisse
883 1120 986 1182 ratus
1011 1107 1146 1182 Daniel
1172 1108 1349 1184 Heinsius
1374 1111 1397 1183 1.
1423 1110 1447 1183 l.
1474 1137 1509 1210 p.
1542 1116 1612 1186 104
1648 1126 1748 1211 seqqss
1788 1112 1855 1186 sed
1888 1113 1982 1186 haec

93 1243 290 1316 hacteuus.
354 1265 476 1337 neque
505 1240 604 1313 enirn
640 1237 752 1312 hodie
779 1237 983 1337 {quisquam
1023 1251 1141 1311 artem
1180 1239 1426 1332 rhetoricam,
1466 1265 1577 1338 quam
1603 1239 1783 1315 Demetrii
1809 1239 1983 1316 Phalerei

92 1370 251 1446 nomine
277 1369 494 1467 inscriptam
520 1393 725 1460 uersamus,
752 1366 949 1440 Horatium
971 1367 1155 1439 imitatum
1174 1392 1256 1455 esse
1278 1368 1435 1466 putabit,
1463 1394 1546 1442 cum
1570 1394 1651 1441 eam
1673 1370 1791 1443 multo
1805 1370 1982 1444 inferiore

87 1511 221 1574 'aetate
248 1499 425 1596 scriptam
453 1523 534 1577 esse
561 1497 650 1570 satis
665 1499 886 1585 constet³⁶;
914 1520 1035 1591 neque
1049 1492 1260 1568 Dohrnium
1284 1521 1477 1575 moramur
1503 1498 1565 1594 qui
1592 1497 1786 1595 epistulam
1814 1510 1982 1571 nostram

97 1654 187 1704 cum
212 1627 366 1701 Luciani
391 1626 519 1699 libello
546 1625 592 1699 de
620 1624 893 1700 conscribenda
917 1624 1075 1696 historia
1100 1624 1263 1696 conferri
1290 1612 1402 1721 posse
1429 1627 1608 1722 putat³⁷,
1649 1651 1733 1699 curn
1767 1625 1859 1699 haec
1895 1651 1982 1700 cou-

95 1756 256 1857 paratio,
283 1768 326 1830 ut
350 1765 451 1828 recte
479 1754 623 1828 institui
647 1754 827 1852 possita
853 1765 984 1826 nostro
1012 1748 1112 1825 certe
1140 1752 1296 1825 consilio
1322 1777 1477 1850 prorsus
1504 1755 1715 1828 abhorreat.

257 1913 337 1986 lam
363 1936 455 1984 uero
483 1908 663 2009 quaedam
693 1910 831 2006 scripta
856 1933 950 2005 quae
978 1887 1254 1981 fata‘tulerunt
1288 1910 1554 1984 examinaturis
1588 1921 1625 1984 et
1640 1960 1644 1967 -
1659 1937 1742 1983 cum
1774 1909 1980 1983 Horatiano

100 2053 276 2142 poemate
304 2039 562 2138 conparaturis
589 2038 698 2111 nobis
725 2036 947 2109 discriminis
975 2036 1072 2109 illius
1098 2036 1136 2109 in
1163 2049 1327 2111 mentem
1354 2039 1458 2111 ¹uenit
1484 2039 1584 2136 quod
1610 2040 1707 2112 inter
1736 2039 1982 2112 imitationem

98 2170 341 2268 eiusdemque
371 2168 577 2243 sententiae
603 2165 866 2263 repetitionem
893 2165 1084 2238 fortuitam
1113 2165 1293 2239 interesse
1321 2164 1531 2240 Boeckhius
1557 2166 1698 2240 indicat
1722 2166 1760 2239 in
1788 2167 1979 2265 praeclaro

95 2299 200 2372 libro
228 2322 335 2396 quern
362 2307 447 2370 ante
475 2296 545 2369 hos
571 2295 650 2366 fere
677 2293 942 2392 quinquaginta
968 2318 1087 2365 annos
1114 2291 1160 2366 de
1188 2291 1353 2367 Graecae
1382 2295 1595 2393 tragoediae
1631 2295 1860 2394 principibus
1895 2320 1981 2368 con-

97 2427 226 2526 posuit
251 2452 284 2525 p.
312 2428 407 2498 243:
447 2423 563 2519 ,haec‘
599 2422 716 2518 inquit
743 2447 865 2518 ,quam
891 2422 966 2494 late
993 2432 1120 2519 pateat
1146 2435 1379 2520 quantaeque
1407 2424 1564 2497 subinde
1586 2424 1851 2504 ,similitudines
1878 2449 1982 2522 prae-

98 2554 226 2630 sertim
263 2554 303 2627 11
336 2553 442 2650 poesi
474 2552 571 2624 inter
604 2549 698 2623 duos
726 2550 926 2647 scriptores
953 2576 1041 2623 casu
1068 2562 1286 2643 nascantur,
1326 2553 1435 2649 pauci
1460 2553 1618 2626 fortasse
1646 2526 1816 2626 accurate
1842 2564 1983 2626 norunt

101 2695 142 2757 et
166 2683 244 2781 ipse
271 2683 431 2755 fortasse
457 2682 680 2780 ignorarem,
707 2679 779 2752 nisi
806 2703 890 2751 curu
918 2678 1007 2751 olirn
1027 2680 1197 2753 uersibus
1218 2679 1386 2752 luderem
1407 2679 1444 2753 in
1467 2707 1526 2753 me
1547 2707 1668 2754 essem
1687 2681 1770 2779 ipso
1786 2694 1981 2779 expertus:

98 2809 172 2884 hoc
199 2812 300 2885 enim
325 2811 477 2909 propria
503 2809 733 2908 experientia
759 2821 799 2881 ut
834 2809 906 2880 alia
938 2808 1055 2880 multa
1090 2807 1257 2882 discitur¹
1277 2808 1422 2881 facilius
1461 2834 1572 2906 quam
1609 2810 1647 2882 in
1689 2809 1819 2882 alienis
1857 2810 1980 2883 rebus.

100 2940 237 3037 quippe
264 2915 399 3011 accidit
424 2937 610 3012 interdum
643 2950 694 3027 ut,
717 2937 790 3010 duo
828 2937 906 3011 siue
940 2934 1040 3008 idem
1078 2937 1157 3010 siue
1197 2937 1423 3009 simillimum
1463 2937 1640 3034 quiddam
1679 2936 1805 3011 dicant
1843 2937 1904 3010 uel
1941 2939 1981 3013 iu

98 3067 215 3140 rebus
240 3066 563 3157 reconditioribus,
585 3067 643 3138 ita
668 3078 719 3158 ut,
745 3066 817 3137 nisi
844 3090 892 3137 ex
918 3065 1007 3162 ipsis
1034 3065 1160 3138 uerbis
1190 3091 1391 3163 corumque
1420 3054 1604 3140 structura
1631 3080 1668 3140 et
1694 3068 1869 3141 uniuersa
1895 3093 1981 3167 con·

99 3194 325 3268 formatione
366 3205 553 3291 spectetur
592 3193 761 3285 imitatio,
802 3194 849 3266 sit
887 3218 1018 3290 parum
1052 3194 1204 3292 ingenui
1237 3193 1399 3267 hominis
1435 3221 1609 3269 accusare
1642 3196 1776 3269 seruile
1812 3194 1981 3271 imitandi

2010 3264 2027 3475 l

101 3321 288 3396 studium‘.
327 3325 452 3420 itaque
480 3348 679 3396 caueamus
705 3348 752 3395 ne
779 3322 889 3396 nimis
915 3323 1128 3395 inliberales
1151 3323 1265 3396 simus
1287 3349 1375 3422 erga
1397 3323 1981 3423 urbanissimumpolitissimique

100 3449 229 3524 iudicii
252 3463 413 3549 poetam.
440 3486 491 3506 -·-
1031 3456 1034 3462 ’

259 3595 427 3670 Primum
459 3598 571 3695 igitur
604 3598 668 3671 illa
700 3598 885 3672 sententia
920 3597 1168 3671 examinanda
1203 3609 1259 3670 est
1287 3623 1396 3695 quarn
1430 3597 1517 3669 olim
1553 3595 1735 3671 aCarolo
1763 3594 1979 3672 Godofredo

102 3723 314 3799 Scbreitero
342 3728 553 3823 professore
579 3727 762 3824 Lipsiensi
793 3727 976 3824 prolatam
993 3730 1036 3776 ³⁸
1066 3741 1197 3823 postea
1223 3724 1573 3801 FridericusAstius
1590 3730 1633 3778 ³⁹
1663 3728 1844 3826 probante
1872 3727 1978 3801 Eich-

102 3855 263 3929 staedtio
279 3857 324 3905 4⁰
353 3858 503 3954 copiose
532 3857 715 3953 exposuit,
744 3856 845 3929 etin
872 3868 952 3929 toto
979 3855 1095 3928 libelli
1122 3855 1277 3928 consilio
1306 3857 1406 3929 etin
1433 3857 1588 3956 singulis
1608 3854 1654 3929 de
1678 3870 1755 3929 arte
1770 3858 1978 3956 praeceptis

100 3980 300 4057 Horatium
326 3983 493 4058 Platonis
519 3982 732 4057 Phaedrum
758 3985 941 4057 imitatum
969 4010 1050 4057 esse
1078 3983 1173 4081 (Ast.
1201 4009 1235 4082 p.
1265 3984 1354 4080 35).·
1393 3987 1491 4083 ,quis
1519 3986 1636 4058 enim‘
1665 3983 1898 4060 Schreiterus
1924 3987 1978 4060 in·

101 4112 181 4209 quit
213 4139 307 4205 ,non
340 4109 516 4187 fatebitur
542 4115 686 4210 utrique
714 4113 884 4211 scriptori
910 4114 982 4186 hoc
1010 4112 1171 4185 maxime
1198 4113 1431 4210 propositum
1456 4113 1570 4187 fuisse
1598 4127 1639 4189 ut
1664 4115 1800 4188 iudicia
1826 4116 1978 4214 popula·

99 4241 197 4314 rium
237 4241 284 4315 de
322 4242 527 4315 litterarum
563 4243 707 4314 ratione
747 4242 871 4340 inepte
912 4243 1150 4315 sentientium
1191 4240 1405 4314 emendaret
1446 4254 1482 4314 et
1519 4256 1676 4342 regeret,
1716 4256 1757 4316 ut
1791 4243 1978 4317 scribendi

101 4370 265 4444 studium
293 4371 354 4444 uel
380 4372 504 4468 potius
530 4369 723 4442 libidinem
751 4397 772 4441 a
798 4371 993 4444 subitanea
1012 4371 1075 4443 illa
1095 4371 1246 4443 leuitate
1266 4383 1303 4443 et
1323 4396 1422 4442 uana
1434 4372 1568 4445 furoris
1592 4373 1725 4469 poetici
1741 4373 1977 4446 affectatione

100 4512 298 4573 reuocaret
324 4499 370 4571 ad
398 4511 515 4572 artem
544 4500 619 4573 suis
647 4511 683 4572 et
709 4501 867 4598 propriis
907 4501 1050 4598 legibus
1091 4499 1323 4573 tractandam
1365 4511 1473 4596 atque
1513 4500 1766 4600 philosophia,
1808 4501 1879 4575 hoc
1921 4515 1976 4576 est

219 4778 223 4785 ·
250 4754 275 4786 ³⁶
292 4760 360 4809 cont.
380 4759 441 4810 Aut.
462 4761 702 4825 westarmannum,
725 4760 1178 4824 6111111110ἀενΒονεάιεαηιΙειίε,
1198 4761 1249 4809 uct.
1273 4756 1283 4808 l
1304 4757 1317 4824 1
1338 4755 1374 4810 95
1394 4774 1417 4821 p.
1439 4755 1500 4809 218.

250 4856 273 4885 ²⁷
291 4861 387 4925 utuiqe
406 4862 602 4925 Bemerlmnpea
620 4862 684 4910 ttber
701 4863 752 4911 den
771 4863 851 4927 unes
866 4878 901 4911 aa
920 4865 962 4912 die
982 4864 1103 4912 Pisonen.
1144 4863 1247 4912 ltzehoe
1270 4859 1345 4912 1821.

250 4958 274 4989 ³⁸
292 4964 323 5013 da
348 4964 455 5014 Horatio
483 4964 598 5012 Platonis
625 4963 726 5043 qemulo
757 4965 864 5027 eiusque
893 4966 1015 5026 epistolae
1044 4965 1076 5014 td
1104 4965 1213 5014 Pisones
1241 4977 1299 5014 curn
1328 4964 1403 5014 huius
1427 4965 1543 5013 Phaedro
1562 4965 1761 5025 comparatione.
1800 4964 1870 5026 lips.
1895 4960 1972 5015 17811.

103 5052 177 5103 cuiue
196 5055 415 5104 conmentariouis
435 5066 510 5103 usum
530 5053 604 5102 doleo
623 5054 685 5102 mihi
705 5061 824 5115 negatum
845 5054 943 5103 tuisse:
965 5067 1045 5116 peuce
1066 5067 1132 5115 quae
1152 5067 1210 5104 mox
1229 5054 1344 5103 soterem
1363 5055 1431 5117 apud
1450 5055 1608 5116 lltlpcrsium
1628 5054 1645 5102 1.
1666 5054 1682 5103 l.
1703 5067 1720 5116 p
1752 5049 1899 5104 1211111111.

250 5149 275 5179 ⁸¹¹
294 5155 325 5204 de
344 5155 459 5206 Platonis
478 5155 603 5204 Phaedro.
635 5156 711 5203 lenae
735 5151 810 5204 11111.
850 5156 899 5206 huc
917 5161 1036 5218 spectent
1055 5155 1167 5206 menime
1186 5161 1262 5218 caput
1281 5157 1384 5206 tertium
1400 5163 1429 5215 ,et
1448 5162 1549 5206 sertum
1569 5160 1606 5219 (p.
1631 5149 1681 5205 129
1699 5155 1795 5217 seqq).

251 5251 274 5280 ⁴⁸
292 5256 390 5305 ibidem
410 5271 434 5319 p.
458 5251 508 5307 112
527 5266 600 5316 seqq.

1539 5359 1558 5419 ³
