4342 5722
1038 113 1059 182 i

925 220 953 227 ...0
965 217 1168 227 ——--—-——-
1180 215 1200 221 .-

96 342 341 441 neglegentia
376 342 564 440 plerisque
599 341 722 439 poetis
756 341 935 414 conmuni
971 341 1011 412 iu
1050 339 1223 413 uersibus
1260 337 1448 436 lingendis
1488 355 1648 411 ommni
1685 362 1783 413 neue
1823 336 2005 413 Plautum

96 480 321 568 ceterosque
345 481 480 568 poetas
507 470 681 566 antiquos
707 467 910 571 Romanos,
938 468 1000 565 qui
1027 477 1200 564 quamuis
1224 492 1248 567 p
1271 467 1399 541 multis
1426 467 1583 541 summis
1607 463 1783 541 laudibus
1809 466 1896 540 elati
1917 478 2006 542 erte

98 609 264 689 careant,
290 598 489 671 imitantur
514 597 581 670 sed
608 622 719 694 quam
744 597 909 669 maxime
937 593 1169 685 Graecorum
1202 595 1401 693 explorent
1427 605 1538 692 atque
1565 604 1769 693 sequantur
1803 596 2006 693 praeclara»

98 726 276 824 exerupla
302 725 546 822 (aar-274).
599 724 673 797 hoe
698 723 897 825 Horatium
924 736 1055 797 mouet
1079 736 1121 797 ut
1147 718 1390 797 dramaticum
1418 720 1648 798 Graecorum
1677 735 1715 797 et
1735 721 1998 797 Romanorum

96 853 233 951 poesin
261 863 453 950 conponat
479 863 588 950 atque
616 861 815 948 conparet;
842 876 957 948 quarn·
981 852 1035 932 ob·
1056 877 1135 939 rem
1164 852 1324 950 primunr
1352 851 1568 953 tragoediae
1584 850 1877 948 comoediaeque
1892 850 1994 948 apud

97 977 267 1056 Graecos
294 981 399 1054 initia
425 992 464 1054 et
488 1004 713 1078 progressus
739 991 888 1052 enarrat
914 980 1002 1078 tito
1019 982 1159 1074 484),
1187 980 1323 1053 deinde
1349 979 1542 1053 Romanm
1570 1002 1718 1077 qnoque
1745 989 1879 1075 poetas
1903 978 2003 1051 atie

96 1108 259 1183 multum
286 1111 329 1182 in·
354 1108 423 1181 hac
451 1120 532 1181 arte
561 1108 765 1205 profecisse
797 1106 978 1197 ostendit3
1007 1115 1343 1204 quorumdonatus
1364 1107 1587 1204 multo-plus
1607 1104 1730 1178 laudis
1750 1116 2005 1198 mererentur„

95 1237 173 1310 nisi
211 1261 344 1310 omnes
384 1237 511 1308 limam
553 1235 661 1333 operi·
697 1235 875 1309 adhibere
916 1220 1222 1333 supersederent:
1262 1237 1317 1310 ab,
1344 1234 1422 1308 hoc.
1451 1235 1565 1333 igitur
1597 1233 1705 1324 uitio,
1742 1232 1844 1330 quod
1883 1220 2003 1307 etiam

98 1388 183 1462 epp.
199 1367 233 1457 2,
249 1369 282 1456 l,
300 1366 369 1438 iti
398 1365 546 1438 ciuibus
570 1366 652 1438 suia
674 1364 889 1461 exprobrat,
919 1365 1030 1437 etiam
1058 1376 1171 1461 atque
1193 1364 1311 1438 etiam
1326 1361 1491 1465 Pisones
1508 1362 1729 1436 dehortatur
1749 1360 1996 1459 (lib-294).

94 1491 173 1566 lroc
199 1503 326 1565 autem
351 1493 492 1565 malum
519 1493 682 1564 maxime
714 1491 802 1565 inde
836 1517 1009 1565 manasse
1042 1491 1182 1566 iudicat
1207 1491 1388 1565 Horatius
1414 1489 1516 1589 quod
1542 1489 1708 1588 plerique
1723 1486 1995 1593 *Democritum
2106 1482 2111 1487 ’

96 1619 219 1694 secuti
257 1620 449 1718 ingenium
490 1621 559 1694 arti
598 1634 790 1718 praestare
832 1621 1085 1709 existument;
1137 1644 1254 1716 quarn.
1296 1619 1513 1716 opinionem
1560 1642 1649 1690 cunr
1684 1616 1765 1714 ipse
1806 1615 2003 1713 inprobet,

93 1747 238 1822 festiue·
260 1748 453 1845 multoque
480 1774 564 1821 oum
592 1750 669 1822 sale
699 1749 855 1847 exponit
880 1759 1014 1846 poetae
1042 1748 1200 1845 gloriare
1228 1747 1304 1823 sibi
1326 1745 1563 1819 abiciendam
1588 1768 1695 1818 esser·

786 1870 876 1974 ergo
905 1877 1042 1975 fungar
1066 1876 1151 1948 uice
1176 1875 1282 1967 cotis,
1309 1880 1463 1948 acutum
1831 1868 1864 1919 ⁴

349 2005 354 2015 '
468 2002 625 2077 reddere
652 2028 747 2102 quae
773 2005 914 2077 ferrum
940 2004 1043 2077 ualet
1069 2026 1206 2076 exsors
1228 2004 1315 2100 ipsa
1336 2001 1513 2075 secandiz:

467 2158 603 2205 munus
631 2144 668 2206 et
696 2133 861 2205 officium
888 2133 941 2204 nil
967 2132 1135 2205 scribens
1162 2130 1242 2228 ipse
1271 2129 1428 2221 docebo,
1504 2197 1510 2205 .

467 2259 569 2333 unde
591 2272 770 2357 parentur
797 2284 900 2358 opes,
927 2258 1016 2356 quid
1043 2260 1119 2332 alat
1143 2260 1354 2357 formetque
1379 2268 1548 2355 poetam,¹

468 2387 559 2484 quid-
587 2387 720 2462 deceat
747 2387 834 2485 quid
862 2413 951 2480 non,
979 2412 1058 2485 quo
1079 2386 1202 2460 uirtus
1226 2412 1302 2484 quo
1326 2388 1425 2460 ferat
1450 2408 1556 2458 error
1582 2383 1828 2477 (tat-308).

256 2569 361 2646 Haec
388 2572 506 2645 uerba
532 2598 626 2671 quae
663 2572 709 2645 ad
744 2584 973 2671 postremam
1015 2572 1193 2669 epistulae
1232 2581 1378 2668 partem
1418 2568 1518 2641 uiam
1557 2566 1731 2638 muniunt
1769 2560 1993 2663 quibusdam

89 2701 362 2800 interpretibus
388 2712 510 2775 totum
537 2726 687 2774 carmen
716 2701 903 2800 explicare
941 2700 1092 2797 eiusque
1129 2708 1391 2799 argumentum
1419 2694 1610 2768 continere
1637 2692 1720 2765 uisa
1745 2701 1851 2780 sunt3
1892 2685 1999 2787 quod

91 2830 161 2904 uix
202 2828 436 2921 crediderim,
477 2855 561 2902 cum
600 2841 701 2902 recte
735 2829 920 2901 monitum
956 2829 1004 2902 sit
1038 2829 1090 2900 ita
1122 2826 1180 2900 his
1215 2825 1342 2899 uerbis
1369 2824 1435 2898 uix
1460 2824 1586 2896 locum
1625 2819 1785 2894 inueniri
1824 2819 1993 2915 potuisse

91 2959 220 3032 minus
261 2971 399 3056 aptum.
454 2957 521 3030 sed
555 2957 593 3030 id
628 2958 720 3031 mihi
760 2957 909 3055 quidem
950 2956 1189 3029 manifestum
1230 2952 1390 3046 uidetur,
1430 2951 1556 3025 uerbis
1597 2948 1676 3022 iliis·
1705 2945 1989 3045 dispositionem

92 3087 332 3185 sequentium
361 3085 527 3178 indicari,
555 3112 624 3159 nec
647 3087 726 3159 sine
750 3086 827 3159 sale
850 3097 973 3183 poeta,
1001 3110 1085 3157 eum
1108 3108 1175 3180 per
1196 3092 1318 3154 totum
1340 3104 1490 3152 carmen
1511 3079 1782 3153 sententiarum
1803 3096 1991 3147 conexum

91 3214 210 3289 modo
239 3214 394 3314 singulis
423 3216 633 3314 praeceptis
659 3213 759 3287 nude
787 3215 892 3287 iuxta
921 3238 960 3286 se
987 3212 1119 3311 positis
1140 3209 1254 3283 modo
1276 3207 1502 3281 intermixtis
1525 3233 1546 3278 a
1566 3205 1761 3303 proposito
1784 3200 1991 3301 degressis·

91 3344 206 3417 nibus
234 3344 416 3416 uariasset
443 3355 552 3440 atque
581 3344 855 3433 occultauisset,
891 3343 965 3413 iam
992 3341 1057 3413 ubi
1085 3365 1123 3414 se
1151 3338 1319 3437 magistri
1346 3337 1428 3408 uice
1461 3335 1675 3407 functurum
1702 3330 1895 3428 professus
1923 3340 1990 3419 est,

93 3497 205 3547 suum
242 3473 313 3546 sibi
359 3471 529 3546 ordinem
569 3472 824 3571 praescribere
871 3468 1022 3542 uidetur
1069 3465 1116 3539 ad
1160 3491 1269 3565 quem
1309 3472 1511 3561 praecepta
1549 3459 1751 3558 dirigat¹⁸L
1828 3457 1997 3554 primum¹

92 3601 196 3674 enim
223 3599 335 3675 docet
361 3601 476 3675 unde
504 3612 730 3698 parentur
758 3624 887 3698 opes,
916 3623 935 3670 e
963 3593 1157 3694 sapiendo,
1184 3591 1385 3682 nimirum,
1414 3599 1451 3661 et
1468 3598 1642 3660 accurata
1655 3610 1802 3658 morum
1817 3583 1990 3680 uitaeque

92 3728 306 3805 cotidianae
344 3730 575 3829 cognitione:
619 3730 670 3801 ita
710 3729 900 3827 prouisam
940 3750 1018 3797 rem
1055 3723 1171 3796 uerba
1197 3748 1274 3794 non
1301 3719 1419 3792 inuita
1448 3729 1621 3790 secutura
1647 3738 1767 3812 neque
1795 3712 1898 3784 afore
1928 3709 1993 3807 qui

89 3857 275 3959 plaudant
301 3860 544 3953 (aot-322).
598 3855 732 3929 deinde
761 3856 824 3928 ali
850 3852 1137 3949 formarique
1167 3860 1350 3948 poetam
1389 3844 1581 3943 praedicat
1606 3841 1750 3915 liberali
1786 3839 1849 3913 illa
1876 3835 1989 3912 Grae·

91 4012 225 4060 corum
254 3986 460 4084 disciplina,
499 4011 576 4057 non
612 3984 764 4057 sordida
790 3981 1046 4055 Rornanorum
1082 3977 1314 4052 institutione
1345 3974 1391 4046 ad
1422 3973 1544 4046 solum
1573 3981 1768 4067 quaestum
1796 3977 1991 4067 spectante

91 4116 338 4209 (ata-332).
391 4139 503 4210 porro
538 4111 644 4209 quid
680 4111 846 4183 deceat
879 4109 987 4207 quid
1013 4134 1103 4181 non
1129 4108 1181 4179 ita
1207 4103 1389 4203 praecipit
1415 4100 1647 4194 (333-365)
1673 4109 1726 4188 ut,
1767 4120 1850 4167 curn
1879 4091 1994 4167 sirnul'

92 4242 244 4315 utilitati
272 4255 380 4338 atque
408 4239 592 4337 uoluptati
625 4238 896 4312 consulendum
927 4239 983 4328 sit,
1012 4249 1049 4309 et
1067 4235 1252 4308 breuitate
1268 4245 1305 4305 ct
1319 4230 1476 4303 ueritate
1492 4253 1586 4324 opus
1601 4250 1684 4298 csse
1705 4222 1850 4312 doceat,
1878 4245 1989 4317 quarn

93 4370 210 4468 siquis
233 4368 432 4442 adsecutus
459 4369 572 4441 suerit
599 4392 683 4439 eum
710 4366 900 4439 laudatum
926 4366 969 4437 iri
985 4363 1160 4463 (-346):
1188 4361 1275 4459 quin
1303 4360 1431 4457 paucis
1460 4353 1683 4453 quibusdam
1710 4351 1854 4424 delictis
1880 4349 1990 4421 tircile

91 4497 251 4596 ignosci,
277 4496 405 4570 modo
442 4523 490 4569 ne
527 4521 644 4593 aequo
681 4496 786 4593 plura
817 4495 890 4568 sint
918 4507 1027 4591 etque
1056 4491 1187 4564 eadem
1215 4512 1362 4586 semper
1397 4485 1565 4582 (-365).
1618 4479 1656 4552 id
1685 4478 1844 4576 denique
1873 4476 1988 4573 expli·

93 4638 246 4698 caturus
293 4650 377 4722 quo
420 4624 569 4697 uirtus
616 4649 703 4721 quo
743 4624 863 4696 ferat
902 4646 1033 4695 error
1074 4618 1305 4718 (aee-rio)
1347 4640 1424 4686 non
1464 4612 1543 4684 sine
1584 4608 1767 4708 grauitate
1806 4605 1988 4676 maiorem

247 4872 275 4904 ¹⁸
297 4871 425 4931 similiter,
447 4872 557 4920 sirecte
578 4872 711 4921 Sirenbert
731 4871 810 4920 uerba
827 4869 950 4929 intellego
970 4869 999 4925 (i.
1022 4868 1037 4915 i.
1059 4882 1083 4929 p.
1106 4863 1151 4915 ⁴3.
1166 4860 1289 4926 diseo),
1309 4861 1529 4923 Mitirnnarerus,
1552 4858 1625 4906 cuius
1647 4855 1763 4904 titatium
1783 4853 1815 4902 dc
1837 4850 1993 4932 Horrtitrd

92 4960 204 5010 Pisones
224 4962 335 5022 epistula
355 4961 542 5022 scrrtnrnurgt
563 4973 585 5010 a.
610 4956 677 5010 ieri
698 4961 796 5010 editum
817 4961 945 5021 inspicere
965 4973 1015 5008 non
1035 4958 1116 5020 potui,
1136 4957 1168 5006 ed
1189 4956 1236 5004 hos
1252 4940 1349 5003 ‘uersus
1369 4940 1511 5001 dxtrorsum
1532 4949 1590 4998 libri
1610 4952 1710 5009 partem
1730 4945 1892 5007 disposuisse
1911 4942 1992 4992 uide-

93 5059 152 5107 irri
182 5065 293 5114 erocum
313 5065 375 5100 nurn
397 5053 421 5101 in
442 5052 553 5113 singuiis
572 5051 635 5101 mitri
655 5052 793 5101 conueniat
812 5052 909 5100 nescio.
948 5051 1017 5112 quod
1033 5056 1119 5098 autern
1135 5046 1301 5122 Streuberus,
1322 5044 1364 5104 qui
1385 5043 1453 5092 hunc
1472 5047 1592 5089 conatum
1612 5039 1689 5100 piene
1708 5037 1836 5098 inprobet,
1857 5035 1889 5084 dc
1910 5033 1990 5082 rebus

93 5140 147 5189 iilis
168 5143 288 5190 uersibus
309 5141 429 5191 indicetis
449 5143 473 5190 in
495 5142 608 5189 carmine
628 5124 837 5202 nitrii‘scripium
858 5153 916 5189 esse
936 5139 1077 5199 contendit,
1099 5138 1124 5186 id
1145 5137 1229 5185 lenius
1248 5135 1345 5185 dictum
1365 5138 1414 5181 esi.
1472 5131 1550 5180 nimis
1570 5127 1674 5190 quidem
1700 5127 1773 5175 anxie
1799 5123 1915 5174 nesciet
1934 5122 1990 5172 lte-

92 5233 277 5293 geisbcrgerus
298 5233 329 5282 ad
350 5232 397 5283 tros
417 5245 510 5282 uersus
530 5233 666 5291 sequentia
686 5233 777 5295 eregit.
