4342 5722
1054 185 1101 256 38

293 404 425 481 Studia
449 408 638 482 rhetorica
664 432 749 483 cum
777 410 935 508 poeticis
963 410 1284 504 coniunctissima,
1317 422 1516 510 postquam
1551 412 1605 486 ais
1630 411 1853 486 Aristoteles
1880 411 2021 510 ingenii

133 536 193 611 sui
217 534 483 634 doctrinaeque
510 537 631 615 facem
657 537 836 632 admouit,
864 526 1027 613 amultis
1048 539 1382 639 etdiligcntissimc
1403 541 1563 631 exculta,
1585 551 1623 614 et
1641 562 1732 614 mox
1758 540 1823 614 ubi
1850 537 2029 632 ‚Graecia

133 678 243 764 capta
267 665 388 739 ferum
415 665 598 740 uictorem
624 668 789 766 ospitat
814 679 916 769 artes
952 667 1080 742 intulit
1113 667 1252 767 agresti
1278 666 1398 741 Latio‘
1437 667 1508 741 hae
1546 693 1693 766 quoque
1726 680 1825 749 artes
1857 666 2018 744 Romam

132 804 362 893 propagatae
388 806 485 868 sunt.
535 795 601 869 ubi
627 794 774 870 Hor-atii
796 778 970 895 tempore
996 796 1072 870 duo
1093 796 1328 894 potissimum
1350 795 1421 868 uiri
1443 795 1480 868 in
1504 795 1597 870 hacc
1613 796 1737 871 studia
1757 797 2020 891 incubuerunt,

135 946 295 1019 quorum
324 921 418 995 alter
443 924 606 996 maxime
634 949 653 996 e
680 925 776 998 libro
803 937 873 1018 περὶ
901 928 1018 1018 ὕψους,
1047 925 1109 1022 qui
1131 923 1291 1023 Longini
1310 925 1464 999 nomina
1485 923 1580 998 falso
1607 925 1806 1024 insignitus
1823 928 2021 1024 inperante

133 1049 369 1148 Vespasiano
403 1048 552 1124 uidetur
578 1052 796 1150 conpositus
814 1056 967 1147 esse⁸⁸,
994 1055 1103 1128 nobis
1131 1053 1304 1146 innotuit,
1333 1053 1485 1127 alterius
1513 1053 1603 1127 satis
1629 1054 1735 1129 multi
1762 1056 2023 1130 commentarii

132 1180 272 1254 iudicio
299 1191 337 1254 et
363 1181 533 1254 acumine
560 1180 724 1278 insignes
750 1181 935 1279 hodieque
963 1195 1111 1274 extant,
1146 1181 1346 1257 Caecilium
1371 1181 1459 1255 ‘dico
1487 1180 1719 1257 Calactinum
1736 1187 1780 1235 ⁶⁷
1816 1195 1854 1257 et
1880 1181 2023 1285 Diony·

135 1311 231 1386 sium
257 1306 594 1383 Halicarnasseum.
647 1333 768 1407 neque
795 1309 1034 1383 abhorruisse
1063 1309 1261 1385 Horatium
1288 1337 1311 1384 a
1336 1309 1565 1387 Graecorum
1593 1311 1785 1385 rhetorum
1812 1336 1882 1386 usu
1908 1324 2022 1410 atque

137 1439 408 1513 consuetudine
442 1439 522 1537 ipse
554 1438 713 1530 indicat,
755 1439 813 1512 cui
841 1439 878 1512 in
903 1438 1036 1512 itinere
1064 1438 1289 1514 Brundisino
1317 1464 1444 1514 comcs
1471 1440 1583 1514 fuerit
1622 1438 1768 1530 ‚rhetor
1792 1437 2023 1515 Heliodorus

135 1567 364 1644 Graecorum
391 1569 504 1666 longo
532 1567 781 1640 doctissimus‘
809 1568 897 1663 (sat.
929 1572 959 1658 1,
988 1571 1022 1659 5,
1050 1569 1113 1665 2),
1148 1570 1210 1666 qui
1242 1569 1344 1656 idem
1372 1595 1454 1643 ease
1481 1569 1629 1643 uidetur
1656 1580 1766 1666 atque
1793 1568 2022 1645 clarissimus

133 1699 197 1771 ille
224 1697 487 1796 grammaticus
515 1707 552 1769 ct
578 1697 753 1770 metricus
770 1699 813 1747 ⁶⁸
842 1721 915 1794 quo
941 1695 1139 1771 Horatium
1167 1699 1204 1772 in
1233 1697 1455 1771 adhibendis
1482 1699 1786 1772 insolentioribus
1814 1711 2024 1775 metrorum

117 1826 265 1900 ¹formis
286 1825 470 1924 'magistro
499 1848 608 1898 usum
635 1849 716 1897 ease
743 1824 939 1922 ingeniosa
965 1840 1020 1908 est
1048 1822 1238 1900 Theodori
1265 1826 1416 1926 Bergltii
1442 1827 1597 1926 suspitio
1615 1827 1671 1898 ⁶⁰.
1699 1866 1744 1881 -
1780 1826 1818 1899 in
1846 1841 2023 1924 promptu

134 1954 249 2053 igitur
289 1966 344 2028 est
383 1955 555 2027 conicere
595 1948 766 2053 Dionysii
814 1954 960 2052 scriptis
998 1956 1158 2030 fortasse
1201 1957 1325 2029 inesse
1364 1953 1498 2053 quibus
1537 1936 1715 2028 Horatius
1754 1955 1807 2029 uti
1848 1957 2023 2053 potuerit.

135 2106 230 2182 quae
259 2083 472 2181 expectatio
504 2082 662 2155 forsitan
696 2095 891 2181 augeatur,
925 2106 1008 2156 cum
1036 2085 1128 2157 hacc
1154 2083 1355 2184 legerimus
1382 2110 1476 2181 quae
1502 2085 1539 2158 in
1568 2084 1667 2159 illius
1693 2080 1789 2157 libro
1817 2094 1886 2172 περὶ
1908 2092 2023 2155 raude.

135 2243 211 2293 τινος
233 2215 388 2295 ὀνομάτων
421 2236 500 2309 cap.
537 2214 583 2285 10
619 2221 870 2285 extantdoasi
890 2222 996 2297 δάμω
1021 2215 1070 2284 δύο
1091 2221 1187 2283 ταῦτα
1210 2218 1285 2284 εἶναι
1308 2213 1511 2284 celandam.
1535 2207 1575 2283 civ
1598 2219 1746 2299 ἑφίεσθοω
1769 2220 1819 2282 dsi‘
1835 2211 1902 2290 τούς
1924 2240 2024 2282 σοντι·

137 2347 253 2420 θέντας
276 2339 310 2410 οὗ
328 2359 427 2431 μέτρω
451 2370 484 2411 τε
506 2350 560 2411 κω)
582 2342 699 2422 λόγους,
720 2343 738 2426 ἧ
760 2360 799 2410 r's
820 2343 927 2431 viduari
950 2349 1015 2411 καὶ
1043 2344 1081 2411 τό
1109 2343 1229 2411 καλόν
1262 2342 1388 2437 (quam
1429 2340 1637 2413 doctrinam
1676 2339 1812 2413 delude
1850 2337 2022 2436 pluribus

138 2468 292 2566 exponit
319 2467 571 2565 exemplisque
598 2466 786 2562 inlustrat)
813 2478 850 2541 et
875 2492 955 2566 cap.
986 2472 1028 2541 ll
1058 2471 1159 2538 τάττω
1182 2477 1213 2539 δὲ
1236 2472 1292 2539 riri
1314 2479 1372 2552 μὲν
1394 2469 1447 2557 τήν
1469 2469 1571 2555 ἡδονήν
1598 2469 1651 2555 τήν
1678 2469 1755 2558 ὤραν
1776 2476 1830 2537 καὶ
1851 2468 1904 2555 τήν
1926 2471 2024 2554 χάριν

136 2605 190 2668 nal
212 2599 264 2683 τήν
286 2599 446 2680 εὐστομίαν
470 2605 522 2665 κατ’
543 2598 597 2683 τάν
611 2601 786 2685 γλυκύτητα
809 2606 872 2667 aaa*
895 2598 932 2667 ro⁸
955 2598 1135 2668 τοθοινόν
1157 2606 1210 2667 κατ’
1229 2597 1331 2667 πάντα
1354 2598 1393 2665 τά
1408 2603 1532 2666 τοιοῦτον
1560 2593 1680 2689 (conl.
1715 2591 1789 2664 lud.
1825 2591 1871 2665 de
1906 2591 2021 2691 Lyslfl

138 2747 215 2822 cap.
243 2728 293 2816 8).
345 2720 524 2797 Horatius
551 2725 650 2796 enim
678 2725 759 2817 (99)
788 2724 840 2797 ait

503 2906 579 2954 non
607 2882 696 2956 satis
723 2893 781 2955 est
806 2881 1006 2980 pulchra
1033 2905 1113 2954 esse
1142 2891 1326 2977 poemata,
1355 2875 1510 2951 dulcis
1541 2889 1650 2951 sunto

504 3022 542 3081 et
568 3033 800 3107 quocumque
827 3011 957 3083 uolent
983 3010 1146 3082 animum
1175 3005 1354 3080 auditoris
1382 3020 1530 3105 agunto.

137 3177 175 3239 at
200 3180 326 3238 tamen
353 3190 463 3262 quam
491 3161 696 3265 Dionysius
730 3169 831 3254 ἡδονήν
866 3163 1065 3239 dicit-non
1099 3191 1251 3263 prorsus
1278 3188 1485 3262 congruere
1512 3176 1602 3262 puto
1631 3189 1714 3236 curn
1744 3188 1788 3236 eo
1817 3159 1915 3258 quod
1942 3159 2018 3233 Ho-

136 3295 251 3367 ratius
278 3292 415 3367 dulce
443 3293 615 3392 adpellat.
668 3294 767 3368 hunc
795 3295 892 3368 enim
922 3293 968 3367 de
997 3294 1164 3367 oratione
1192 3304 1337 3366 morata
1364 3303 1401 3365 et
1430 3289 1640 3365 adfectibus
1662 3289 1858 3364 mouendis
1882 3288 2021 3362 idonea

136 3421 254 3494 uerba
280 3423 401 3495 facere
429 3447 522 3520 quae
550 3435 727 3498 secuntur
753 3423 1002 3497 indicant⁷⁰z
1044 3422 1103 3496 ille
1145 3422 1190 3495 de
1226 3446 1385 3494 amoena
1419 3421 1579 3516 quadam
1614 3419 1796 3492 suauitate
1826 3432 1863 3492 et
1888 3418 2018 3515 uolup-

136 3560 212 3622 tate
239 3552 419 3624 orationis
445 3550 608 3649 loquitur
635 3554 748 3650 (conf.
769 3534 860 3626 Hor.
875 3579 910 3626 u.
925 3553 1014 3647 377)
1042 3578 1151 3648 quam
1178 3578 1246 3649 pro
1274 3523 1357 3624 libri
1386 3551 1441 3624 sui
1469 3549 1613 3623 ratione
1640 3546 1802 3619 maxime
1832 3547 1949 3643 qualis
1977 3547 2018 3622 in

138 3690 293 3752 externa
321 3680 500 3784 orationis
527 3681 650 3779 specie
678 3679 854 3779 adpareat
882 3681 1124 3779 persequitur.
1177 3680 1365 3778 utriusque
1393 3680 1505 3780 igitur
1530 3677 1602 3752 loci
1623 3674 1826 3779 similitudo
1847 3674 2018 3772 speciosa

121 3807 260 3906 potius
288 3824 345 3882 est
371 3835 481 3905 quarn
509 3835 621 3883 uera:
663 3807 724 3882 alii
752 3836 798 3883 ne
825 3822 967 3884 tantam
996 3808 1144 3907 quidem
1172 3808 1450 3883 similitudinem
1481 3806 1797 3910 praeseferunt.
1862 3803 1914 3876 ita
1938 3800 2016 3876 Ho-

136 3937 251 4009 ratius
277 3963 312 4009 u.
341 3941 387 4009 47
429 3939 545 4011 uerba
583 3951 661 4012 tum
703 3939 799 4013 bene
839 3937 912 4011 seri
952 3937 1031 4012 siue
1071 3938 1246 4036 coniungi
1286 3948 1416 4010 monet
1450 3932 1512 4008 ubi
1540 3945 1671 4008 notum
1699 3933 1853 4005 uerbum
1883 3928 2017 4004 callida

135 4065 308 4140 iunctura
334 4093 473 4140 nouum
501 4065 705 4141 reddiderit
731 4067 852 4164 (conf.
880 4094 913 4140 u.
943 4071 1015 4141 240
1043 4067 1182 4165 seqq.):
1234 4064 1438 4166 Dionysius
1473 4089 1552 4161 cap.
1586 4066 1607 4136 3
1644 4089 1720 4136 non
1752 4074 1827 4134 tam
1867 4071 2016 4134 erecte

137 4194 317 4294 eligendis
345 4196 537 4269 uocabulis
563 4195 666 4269 nasci
694 4190 872 4268 orationis
900 4197 1056 4295 gratiam
1090 4194 1201 4268 docet
1234 4221 1343 4291 quarn
1379 4221 1398 4267 c
1434 4188 1692 4290 conpositione
1725 4190 1938 4277 uerborum,
1977 4185 2019 4264 ld

136 4323 236 4420 quod
261 4325 345 4397 loco
374 4324 534 4422 quodam
556 4322 717 4397 Homeri
743 4319 977 4398 demonstrat
1004 4323 1096 4421 (ud.
1124 4363 1147 4399 τ
1177 4324 1321 4419 1-16)
1357 4321 1417 4420 qui
1447 4323 1663 4419 conpositus
1691 4319 1738 4392 sit
1772 4323 1819 4388 dri
1847 4323 1906 4389 τῶν
1935 4316 2018 4388 sin·

136 4451 293 4515 λεστάτων
315 4479 348 4515 τε
371 4453 423 4515 κατ’
446 4446 671 4515 ταπεινοτάτων
692 4447 855 4525 ὀνομάτων,
879 4441 918 4522 οἷς
941 4445 978 4514 οἶν
1001 4455 1053 4515 κατ’
1073 4447 1201 4532 pemeria
1223 4454 1276 4513 ucri
1298 4443 1529 4534 θωλωττονργός
1557 4448 1610 4514 κατ’
1639 4453 1843 4531 χειροτέχνης
1873 4444 1925 4508 καὶ
1954 4441 2018 4518 τοῖς

133 4567 319 4654 ὅμηδεμοόιν
342 4566 417 4657 ὤραν
439 4573 493 4636 roi
513 4575 616 4648 λέγειν
638 4563 672 4636 εὖ
694 4568 867 4649 πονούμενος
891 4576 929 4650 ἐξ
948 4577 1068 4650 ἑτοίμου
1097 4566 1204 4648 λαβών
1234 4567 1398 4655 ἐχρήσατο.
1455 4561 1674 4660 quibuscum
1710 4557 1882 4659 congruit
1915 4555 2018 4653 quod

284 4820 393 4876 “cont
413 4825 562 4890 nucheria,
582 4826 758 4888 descriptore
778 4824 835 4875 ubrt
857 4822 918 4890 περὶ
940 4820 1035 4886 ὕψους.
1073 4824 1205 4888 marburgi
1226 4822 1376 4875 Chattorum
1400 4819 1477 4874 ldtu.

287 4921 310 4954 ⁸²
328 4923 395 4976 cont.
414 4925 542 4988 Toupium
562 4929 594 4977 sd
614 4927 721 4990 Longis.
742 4928 774 4978 da
793 4928 900 4977 sutum,
922 4923 946 4993 Ι,
969 4922 993 4976 Ι.

285 5022 309 5053 ⁶·
327 5026 393 5076 conr.
414 5027 594 5083 arsenarum.
614 5030 657 5078 aaa
675 5029 929 5080 arrectariorum
948 5028 1138 5092 scaranem,
1158 5027 1331 5078 ramnum
1353 5023 1432 5090 raas,
1453 5039 1478 5091 ρ.
1501 5023 1553 5076 rm
1572 5000 1667 5087 seqq(

283 5122 309 5153 '’
326 5128 488 5178 rheinisches
507 5130 627 5180 Murrum
645 5131 691 5193 ptr
710 5130 867 5196 Philoloqa'a,
887 5146 951 5180 neue
969 5131 1058 5195 Foloe,
1083 5128 1091 5179 1
1114 5126 1210 5194 (lsstu)
1229 5142 1253 5191 p.
1274 5124 1326 5178 37⁴
1347 5141 1420 5190 seqq.

283 5225 308 5255 '⁶
326 5241 377 5279 uon
397 5229 475 5294 male,
495 5241 653 5293 quamquam
672 5229 818 5281 duunouus
838 5237 947 5297 poterm,
967 5232 1121 5284 cumbelum
1141 5230 1264 5296 crpucuit
1282 5231 1303 5280 Ι.
1320 5227 1348 5280 C.
1363 5229 1394 5280 T.
1411 5229 1547 5280 Emastius
1567 5229 1593 5278 in
1613 5225 1693 5275 terico
1712 5222 1888 5284 cacologiae
1908 5219 2018 5270 launo·

136 5319 366 5384 taurustaurus,
388 5321 491 5383 Ltpsiac
515 5315 591 5384 1797,
612 5333 637 5382 p.
662 5315 718 5370 rau.

1571 5422 1589 5479 5
