4342 5722
1070 27 1110 77 ἥδ

140 187 565 318 Μωθιθῐρδίῦωᾷο
591 232 764 296 uersatur
799 225 844 293 in
868 226 901 294 οδ
924 223 957 294 εδ
979 224 1019 294 mi
1040 226 1189 307 γενδμονιι
1211 236 1325 309 λέγειν,
1354 235 1442 298 τοῦτο
1464 234 1589 316 ποιρτεδ
1609 235 1695 318 ἔργον
1719 237 1812 311 ἐστίν,
1843 233 1917 300 o’ii’
1938 227 1985 331 οία
2005 230 2044 329 ἄν

47 385 58 397 ·
141 363 274 428 γίνοιτο,
301 357 356 420 καί
378 350 418 421 τιὶ
446 348 561 420 toward
583 348 665 421 ιιιιτιῖ
686 349 723 421 εδ
743 351 824 429 είιιδε
846 350 864 440 ἢ
886 355 919 422 τό
942 354 1119 438 αἰαγιιιιῒιι,
1155 351 1195 444 id
1222 352 1323 449 quod
1350 354 1618 451 conparatione
1645 354 1771 450 poesis
1799 366 1837 428 et
1862 356 2040 432 historiae

142 472 375 549 inlustratur.
428 500 523 572 quae
550 501 640 551 sane
663 501 816 556 summa
840 477 965 574 poesis
992 479 1088 550 ratio
1106 478 1165 552 'ab
1192 477 1350 552 Horatio
1378 480 1443 553 uix
1471 479 1656 554 indicatur
1682 483 1786 555 uelut
1812 508 1846 556 u.
1874 487 1947 558 338

447 631 452 640 ·
549 603 654 675 -flcta
681 603 886 702 uoluptatis
914 629 1027 677 cause
1054 605 1129 678 sint
1154 606 1328 703 proxima
1353 606 1463 681 ueris.
1512 643 1515 651 ·
1814 604 1817 612 ’

144 769 373 843 quamquam
399 746 492 820 baec
520 747 594 820 elio
621 749 746 844 potiu's
774 759 946 846 spectant
973 749 1019 823 de
1046 775 1120 847 quo
1147 775 1240 823 mox
1266 751 1420 825 dicetur.
1472 778 1593 850 neque
1620 754 1739 850 magis
1762 753 1834 829 huc
1853 756 2040 853 pertinere

142 872 322 948 uidentur
347 900 383 973 u.
415 876 485 948 125
514 900 613 972 seqq.

568 1001 689 1098 siquid
715 1002 953 1100 inexpertum
980 1030 1139 1078 scaenae
1167 1005 1357 1079 conmittis
1386 1020 1424 1078 et
1450 1007 1566 1081 audes

565 1153 766 1227 personam
794 1131 956 1204 formare
983 1158 1133 1225 nouam,
1162 1121 1333 1207 seruetur
1358 1132 1406 1206 ad
1431 1134 1547 1206 imum

566 1257 687 1354 qualis
713 1258 760 1329 ab
788 1258 939 1356 incepto
967 1261 1193 1356 processerit
1219 1272 1257 1333 et
1284 1261 1366 1335 sibi.
1381 1272 1538 1335 constet.
1801 1232 1808 1267 '

142 1411 265 1509 magis
292 1412 392 1485 enim
417 1412 476 1485 his
502 1413 627 1486 unitas
654 1438 874 1510 morumque
903 1416 1114 1487 constantia
1138 1416 1330 1513 flagitatur
1356 1388 1466 1512 quam
1494 1427 1754 1514 argumentum
1782 1418 1976 1514 probabile
1999 1429 2037 1492 et

142 1540 227 1608 κατιὶ
249 1540 284 1609 τδ
306 1527 386 1619 ειίιδξ
409 1539 428 1628 ἢ
448 1545 481 1609 τδ
504 1545 669 1621 ιιίιιγιιιῒοι
696 1540 858 1613 factum:
900 1541 967 1614 sed
1001 1542 1095 1615 haec
1131 1543 1292 1639 quodam
1320 1543 1434 1616 modo
1469 1543 1683 1617 cohaerent.
1722 1587 1771 1600 —
1811 1528 2035 1620 Aristoteles

142 1663 280 1737 deinde
313 1665 360 1738 de
395 1665 552 1738 diuersis
587 1679 894 1765 argumentorum
930 1669 1317 1767 generibus-exponit
1351 1671 1581 1767 simplicibus
1616 1685 1653 1744 ct
1685 1672 1882 1768 inplicatis·
1906 1675 1959 1767 (c.
1990 1676 2036 1745 10

140 1798 240 1877 μῦθοι
269 1796 441 1864 deterunt
461 1795 707 1890 τετλεγμειοι),
734 1807 812 1868 tum
842 1795 887 1867 de
916 1797 1089 1870 fortunae
1117 1798 1363 1871 conuersione
1400 1809 1437 1871 et
1471 1798 1518 1870 de
1546 1799 1735 1895 agnitione
1763 1798 2035 1896 horrendisque

140 1919 373 1994 facinoribus
400 1920 446 2018 (c.
478 1924 521 1993 ll
551 1939 742 2012 περιπέτειαι,
765 1923 970 2012 αἰιιγιώριτιι,
994 1926 1127 2017 τίθει),
1156 1926 1242 1996 exin
1269 1924 1316 1997 de
1344 1926 1513 2021 partibus
1540 1925 1756 2024 tragoediae
1784 1934 1830 2023 (c.
1863 1928 1907 1999 12
1936 1925 2034 1998 conf.
2135 2008 2141 2017 ,

144 2046 228 2120 adn.
259 2048 347 2156 bl),
392 2047 438 2120 de
479 2047 582 2121 exitu
623 2048 749 2143 eisque
785 2075 879 2146 quae
913 2049 961 2122 ad
996 2075 1196 2148 personam
1232 2078 1319 2125 uere
1353 2053 1531 2151 tragicam
1559 2053 1795 2125 formandam
1822 2053 2035 2125 necessaria

141 2174 218 2248 sint
244 2176 298 2272 (c.
330 2179 420 2268 13),
461 2174 622 2272 denique
657 2176 703 2249 de
736 2177 926 2251 mouendo
954 2190 1057 2251 metu
1086 2190 1124 2252 et
1148 2180 1388 2252 miseratione
1416 2185 1470 2272 (c.
1501 2180 1581 2275 14).
1647 2205 1741 2276 quae
1782 2181 1907 2252 omnia
1947 2205 2032 2253 cum

140 2301 360 2378 Horatianis
388 2316 473 2402 apte
501 2305 665 2402 conponi
690 2330 769 2377 non
795 2317 955 2402 possunt
981 2306 1148 2404 exceptis
1175 2309 1333 2381 fortasse
1361 2333 1455 2404 quae
1491 2333 1520 2380 e.
1551 2311 1608 2398 14,
1639 2310 1659 2379 2
1698 2306 1744 2378 de
1777 2308 1961 2404 portentis
1994 2309 2032 2380 in

141 2455 279 2504 scaena
304 2431 561 2529 proponendis
589 2431 764 2505 dicuntur
799 2443 828 2501 ιι·
846 2440 877 2501 δὲ
899 2435 942 2522 μή
971 2434 1005 2504 τί
1033 2417 1168 2523 φοβερόν
1194 2437 1243 2505 διδ
1275 2441 1325 2523 τῆς
1354 2437 1456 2523 ὄψεαι
1488 2435 1574 2503 duta?
1603 2434 1636 2505 τδ
1666 2441 1830 2523 τερατῶδες
1856 2434 1946 2514 μόνον
1975 2464 2033 2504 ττι.

138 2551 378 2643 ραοκεειοὶζονεες
402 2554 484 2621 ον’δδν
505 2560 656 2642 τραγῳδίᾳ
678 2557 882 2621 κοινωνοῦσιν·
906 2554 938 2621 οὗ
959 2552 1016 2641 γιδρ
1040 2559 1143 2623 ποῖοαν
1163 2562 1213 2623 δεῖ
1228 2555 1327 2646 <quein
1347 2555 1449 2642 ἡδονήν
1472 2555 1532 2623 uiuo*
1554 2561 1720 2643 τραγῳδίας
1741 2554 1827 2621 diiii
1842 2553 1895 2639 τήν
1910 2564 2032 2631 οίκείαν,

140 2669 298 2743 conlatis
324 2670 384 2743 his
413 2672 470 2763 15,
500 2671 521 2742 7
549 2670 659 2752 ἄλογον
681 2678 713 2739 di
735 2678 826 2760 μηδὲν
848 2679 916 2755 (δεῖ)
939 2673 1014 2741 εἶναι
1037 2682 1070 2740 δν
1092 2687 1154 2751 τοϊς
1176 2675 1363 2763 πράγμασιν,
1385 2685 1413 2742 εί
1434 2679 1466 2742 δὲ
1487 2673 1540 2758 μή,
1569 2679 1629 2756 ἔξω
1652 2676 1703 2758 τῆς
1726 2677 1890 2760 τραγῳδίας
1913 2663 1971 2739 οἷον
1993 2670 2033 2739 τοὶ

140 2807 172 2866 ίι
194 2804 238 2889 τρῖ
258 2805 395 2868 Οίδιτιοι
418 2804 462 2889 τῷ
483 2798 743 2879 Σοφοκλεοιιθθ
782 2796 896 2893 (quid
922 2796 1109 2894 uituperet
1135 2797 1215 2895 ipse
1243 2825 1273 2871 c.
1302 2801 1359 2891 24,
1390 2800 1435 2870 10
1461 2796 1628 2895 indicat).
1694 2796 1788 2868 haec
1830 2796 1928 2868 enim
1968 2793 2030 2868 ad·

137 2923 297 2996 monitio
325 2920 470 2995 aceedit
495 2921 543 2994 ad
567 2920 715 2997 Horatii
741 2949 776 2996 u.
804 2926 876 2996 338
906 2949 1006 3020 seqq.

557 3077 646 3150 ficta
672 3077 876 3175 uoluptatis
904 3103 1017 3151 eausa
1043 3078 1118 3152 sint
1143 3081 1317 3176 proxima
1342 3081 1452 3170 ueris,

557 3230 605 3278 ne
633 3204 894 3302 quodcumque
921 3205 1026 3278 uolet
1051 3219 1183 3302 poscat
1209 3206 1280 3280 sibi
1307 3206 1434 3279 fabula
1461 3207 1561 3280 credi

557 3357 632 3404 neu
658 3356 816 3429 pransae
843 3331 995 3404 Lamiae
1022 3332 1149 3405 uiuum
1177 3358 1333 3430 puerum
1361 3333 1535 3407 extrahat
1561 3333 1647 3404 aluo
1664 3334 1721 3401 ⁶⁹.

138 3491 262 3564 minus
289 3490 361 3565 huc
388 3488 525 3562 cadunt
552 3512 685 3561 uersus
715 3490 784 3562 185
812 3512 911 3585 seqq.

554 3668 603 3715 ne
629 3666 768 3739 pueros
794 3665 921 3714 coram
948 3642 1088 3739 populo
1117 3640 1252 3714 Medea
1276 3642 1449 3732 trucidet,

555 3781 620 3843 aut
644 3769 811 3841 humana
836 3768 959 3864 palam
989 3780 1125 3866 coquat
1153 3781 1241 3842 exta
1267 3770 1432 3841 nefarius
1458 3769 1610 3861 Atreus,

555 3896 682 3969 autin
711 3920 819 3968 auem
847 3892 996 3993 Progne
1024 3907 1202 3987 uertatur,
1230 3893 1394 3969 Cadmus
1421 3895 1459 3967 in
1487 3920 1667 3992 anguem:

554 4021 813 4120 quodcumque
841 4021 1008 4096 ostendis
1034 4021 1125 4094 mihi
1155 4022 1219 4113 sic,
1245 4020 1459 4094 incredulus
1488 4020 1560 4094 odi.

135 4205 224 4253 nam
249 4179 289 4251 in
315 4180 373 4252 his
399 4177 438 4251 id
464 4177 628 4250 maxime
656 4175 777 4273 agitur
803 4200 986 4272 quaenam
1012 4174 1201 4249 narranda
1221 4201 1315 4273 quae
1343 4174 1591 4272 spectantium
1628 4174 1745 4247 oeulis
1779 4172 2026 4270 proponenda

284 4447 309 4478 ⁸⁸
327 4465 434 4515 prorsus
453 4453 485 4502 ab
504 4453 553 4501 tue
569 4463 596 4500 re
615 4449 700 4499 eliens
719 4454 781 4498 sunt
799 4448 863 4499 brec
882 4461 904 4498 c.
926 4445 970 4512 34,
990 4444 1009 4500 8
1028 4447 1073 4498 δεῖ
1089 4446 1145 4517 μὶν
1164 4439 1214 4499 οὖν
1233 4445 1264 4497 ἰν
1283 4447 1345 4502 ταῖς
1363 4445 1539 4515 τραγῳδίαις
1557 4447 1651 4495 ποιεῖν
1670 4439 1700 4494 εδ
1720 4440 1893 4514 θαυμαστόν,
1912 4445 2023 4513 μᾶλλον

133 4536 161 4588 δ’
179 4538 328 4608 ludigarus
348 4537 380 4590 ἐν
399 4544 431 4607 τῇ
450 4537 584 4604 δειοποιίᾳ
603 4531 633 4588 εδ
652 4534 835 4602 ἄλογοι...
867 4532 898 4588 εδ
918 4537 948 4588 εδδ
968 4532 1134 4608 θανμαοτδν
1151 4533 1209 4602 ridi.
1244 4537 1358 4605 σημεῖον
1378 4535 1429 4587 δέ·
1456 4532 1556 4591 πάντες
1576 4528 1632 4600 γεδρ
1652 4538 1853 4600 προσειθίνεες
1872 4530 2023 4600 αόεαγγίλ-

134 4633 231 4683 λοιισιν
251 4625 288 4687 εἰς
306 4624 502 4699 χαριζόμενοι.
541 4623 572 4678 τὸ
591 4621 754 4695 θαυμαστόν
774 4628 843 4677 enim
864 4633 890 4677 et
909 4621 939 4677 εδ
958 4626 1113 4694 τερατῶδες
1131 4641 1209 4689 quun
1230 4629 1341 4679 mutme
1360 4629 1428 4677 inter
1447 4637 1476 4676 se
1495 4607 1625 4674 differunt.
1667 4626 1837 4675 illudentem
1857 4625 1946 4675 curin
1966 4629 2022 4673 ιεε-

133 4724 223 4787 ῑοεδίε
242 4721 416 4784 Ιδροῑοιιδιιιῃ
436 4720 471 4768 sir
489 4718 597 4780 nupera
616 4730 646 4767 ex
664 4718 705 4767 nis
725 4717 790 4767 rhet.
814 4714 844 4774 Ι,
868 4713 896 4766 ll
920 4731 945 4779 p.
970 4712 1060 4767 1370·
1079 4714 1111 4768 16
1136 4704 1168 4765 οδ
1194 4715 1229 4766 ἄν
1255 4711 1270 4779 ἦ
1290 4715 1428 4784 ἐπιθυμία
1449 4711 1497 4783 ἐνῇ
1516 4709 1592 4763 ἅπαν
1611 4708 1677 4776 ἡδύ·
1706 4709 1720 4776 ἡ
1741 4709 1797 4781 γιδρ
1818 4711 1955 4780 ἐπιθυμία
1975 4716 2023 4762 τοῦ

133 4806 213 4876 ἡδέος
231 4809 308 4861 ἐστὶν
329 4807 421 4875 ὄρεξις
439 4816 466 4859 et
484 4821 511 4870 p.
536 4801 672 4858 Ι3ῚΙ·3Ι
702 4804 749 4855 καὶ
769 4800 799 4854 ιδ
817 4800 981 4872 μανθάνειν
1001 4805 1048 4854 καὶ
1069 4800 1100 4855 ro*
1119 4800 1276 4872 δανμιέζειν
1295 4800 1345 4868 ἡδί
1365 4799 1402 4861 αἷς
1421 4802 1465 4854 ἰπὶ
1486 4799 1515 4854 εδ
1535 4800 1619 4855 πολύ·
1650 4802 1681 4854 δν
1698 4804 1753 4874 μὲν
1773 4799 1829 4871 γαρ
1851 4808 1889 4872 uqi
1909 4798 2022 4872 θαυμαί-

133 4902 191 4960 ζειν
211 4895 243 4950 ια’
263 4897 416 4968 ἐπιθυμεῖν
432 4897 543 4966 μαθεῖν
562 4894 647 4961 ἐστίν,
669 4890 738 4945 aiore
759 4888 789 4944 εδ
808 4889 973 4962 θαυμασεδν
992 4891 1165 4964 δπιθομηεόν
1186 4913 1211 4945 ιι.
1233 4912 1255 4945 ε.
1276 4895 1301 4944 λ.

282 4993 306 5024 ⁸⁹
323 5011 382 5049 eum
402 4999 443 5048 hle
463 4999 540 5048 etiem
561 5008 592 5046 οε
611 4995 721 5046 content
740 5000 851 5056 possunt
869 5006 936 5055 quse
956 5007 978 5045 c.
1000 4991 1045 5060 2⁴,
1068 4991 1102 5045 10
1121 5001 1147 5045 et
1165 4991 1210 5060 rt,
1233 4992 1263 5045 17
1285 5007 1367 5057 paene
1386 4995 1485 5045 eisdem
1505 4995 1592 5044 uerbis
1612 4994 1733 5055 teguntur
1753 4993 1955 5058 προαιρεῖσθαι
1976 4988 2021 5041 δεῖ

132 5085 257 5139 siderare
277 5084 372 5137 είιιόεα
388 5087 499 5156 μᾶλλον
518 5085 533 5148 ἢ
553 5079 659 5135 devorti
679 5079 817 5133 ἀπίθανα.

1553 5192 1600 5248 ‘i'
