<?xml version="1.0" encoding="UTF-8"?>
<!DOCTYPE html PUBLIC "-//W3C//DTD XHTML 1.0 Transitional//EN"
    "http://www.w3.org/TR/xhtml1/DTD/xhtml1-transitional.dtd">
<html xmlns="http://www.w3.org/1999/xhtml" xml:lang="en" lang="en">
 <head>
  <title>
</title>
<meta http-equiv="Content-Type" content="text/html;charset=utf-8" />
  <meta name='ocr-system' content='tesseract 3.04.00' />
  <meta name='ocr-capabilities' content='ocr_page ocr_carea ocr_par ocr_line ocrx_word'/>
</head>
<body>
  <div class='ocr_page' id='page_1' title='image "./deavctoribvsqvo00michgoog_0019.png"; bbox 0 0 4342 5722; ppageno 0'>
   <div class='ocr_carea' id='block_1_1' title="bbox 1059 99 1105 173">
    <p class='ocr_par' dir='ltr' id='par_1_1' title="bbox 1059 99 1105 173">
     <span class='ocr_line' id='line_1_1' title="bbox 1059 99 1105 173; baseline 0.087 -4"><span class='ocrx_word' id='word_1_1' title='bbox 1059 99 1105 173; x_wconf 83' lang='lat'>10</span> 
     </span>
    </p>
   </div>
   <div class='ocr_carea' id='block_1_2' title="bbox 933 208 1138 217">
    <p class='ocr_par' dir='ltr' id='par_1_2' title="bbox 933 208 1138 217">
     <span class='ocr_line' id='line_1_2' title="bbox 933 208 1138 217; baseline -0.005 -3"><span class='ocrx_word' id='word_1_2' title='bbox 933 208 1094 217; x_wconf 54' lang='lat' dir='ltr'>..q-...-—--</span> <span class='ocrx_word' id='word_1_3' title='bbox 1108 209 1121 214; x_wconf 85' lang='lat'><em>-</em></span> <span class='ocrx_word' id='word_1_4' title='bbox 1129 209 1138 213; x_wconf 56' lang='lat'>0</span> 
     </span>
    </p>
   </div>
   <div class='ocr_carea' id='block_1_3' title="bbox 61 321 2028 4026">
    <p class='ocr_par' dir='ltr' id='par_1_3' title="bbox 61 321 2028 2611">
     <span class='ocr_line' id='line_1_3' title="bbox 141 321 2020 423; baseline -0.004 -24"><span class='ocrx_word' id='word_1_5' title='bbox 141 324 301 422; x_wconf 87' lang='lat' dir='ltr'>danique</span> <span class='ocrx_word' id='word_1_6' title='bbox 329 324 495 422; x_wconf 80' lang='lat' dir='ltr'>perfidus.</span> <span class='ocrx_word' id='word_1_7' title='bbox 519 325 660 409; x_wconf 79' lang='lat' dir='ltr'>Ixion</span> <span class='ocrx_word' id='word_1_8' title='bbox 687 325 806 420; x_wconf 76' lang='lat'>(124),</span> <span class='ocrx_word' id='word_1_9' title='bbox 832 324 880 399; x_wconf 89' lang='lat' dir='ltr'>de</span> <span class='ocrx_word' id='word_1_10' title='bbox 907 351 981 422; x_wconf 74' lang='lat' dir='ltr'>auo</span> <span class='ocrx_word' id='word_1_11' title='bbox 1007 352 1091 403; x_wconf 86' lang='lat' dir='ltr'>cum</span> <span class='ocrx_word' id='word_1_12' title='bbox 1118 351 1242 423; x_wconf 90' lang='lat' dir='ltr'>neque</span> <span class='ocrx_word' id='word_1_13' title='bbox 1267 323 1458 401; x_wconf 87' lang='lat' dir='ltr'>aGraecis</span> <span class='ocrx_word' id='word_1_14' title='bbox 1479 349 1601 420; x_wconf 86' lang='lat' dir='ltr'>aeque</span> <span class='ocrx_word' id='word_1_15' title='bbox 1623 349 1645 397; x_wconf 89' lang='lat' dir='ltr'>a</span> <span class='ocrx_word' id='word_1_16' title='bbox 1670 321 1849 404; x_wconf 82' lang='lat' dir='ltr'>Romanis</span> <span class='ocrx_word' id='word_1_17' title='bbox 1869 321 2020 420; x_wconf 72' lang='lat' dir='ltr'>tragicis</span> 
     </span>
     <span class='ocr_line' id='line_1_4' title="bbox 141 452 2022 552; baseline -0.001 -27"><span class='ocrx_word' id='word_1_18' title='bbox 141 453 179 527; x_wconf 90' lang='lat' dir='ltr'>in</span> <span class='ocrx_word' id='word_1_19' title='bbox 206 479 382 535; x_wconf 81' lang='lat' dir='ltr'><strong>scaenam</strong></span> <span class='ocrx_word' id='word_1_20' title='bbox 406 452 611 552; x_wconf 87' lang='lat' dir='ltr'>productus</span> <span class='ocrx_word' id='word_1_21' title='bbox 638 479 720 527; x_wconf 88' lang='lat' dir='ltr'>esse</span> <span class='ocrx_word' id='word_1_22' title='bbox 747 453 918 529; x_wconf 88' lang='lat' dir='ltr'>uideatur</span> <span class='ocrx_word' id='word_1_23' title='bbox 945 453 1033 551; x_wconf 91' lang='lat' dir='ltr'>quid</span> <span class='ocrx_word' id='word_1_24' title='bbox 1055 454 1290 530; x_wconf 86' lang='lat' dir='ltr'>statuendum</span> <span class='ocrx_word' id='word_1_25' title='bbox 1323 454 1473 529; x_wconf 89' lang='lat' dir='ltr'>sitnon</span> <span class='ocrx_word' id='word_1_26' title='bbox 1498 453 1622 550; x_wconf 84' lang='lat' dir='ltr'>liquet.</span> <span class='ocrx_word' id='word_1_27' title='bbox 1650 494 1699 507; x_wconf 91' lang='lat'><em>-</em></span> <span class='ocrx_word' id='word_1_28' title='bbox 1726 461 2022 524; x_wconf 87' lang='lat' dir='ltr'>consentaneum</span> 
     </span>
     <span class='ocr_line' id='line_1_5' title="bbox 141 581 2022 679; baseline 0.003 -27"><span class='ocrx_word' id='word_1_29' title='bbox 141 581 290 677; x_wconf 86' lang='lat' dir='ltr'>quidem</span> <span class='ocrx_word' id='word_1_30' title='bbox 319 592 374 654; x_wconf 85' lang='lat' dir='ltr'>est</span> <span class='ocrx_word' id='word_1_31' title='bbox 401 607 531 679; x_wconf 90' lang='lat' dir='ltr'>omnes</span> <span class='ocrx_word' id='word_1_32' title='bbox 558 582 669 655; x_wconf 89' lang='lat' dir='ltr'>hasce</span> <span class='ocrx_word' id='word_1_33' title='bbox 697 582 842 654; x_wconf 85' lang='lat' dir='ltr'>fabulas</span> <span class='ocrx_word' id='word_1_34' title='bbox 869 583 1029 679; x_wconf 79' lang='lat' dir='ltr'>pri-mum</span> <span class='ocrx_word' id='word_1_35' title='bbox 1058 581 1258 659; x_wconf 86' lang='lat' dir='ltr'>aGraecis</span> <span class='ocrx_word' id='word_1_36' title='bbox 1286 608 1367 656; x_wconf 89' lang='lat' dir='ltr'>esse</span> <span class='ocrx_word' id='word_1_37' title='bbox 1394 592 1590 672; x_wconf 88' lang='lat' dir='ltr'>tractatas,</span> <span class='ocrx_word' id='word_1_38' title='bbox 1631 582 1717 677; x_wconf 93' lang='lat' dir='ltr'>quin</span> <span class='ocrx_word' id='word_1_39' title='bbox 1746 581 1866 654; x_wconf 90' lang='lat' dir='ltr'>maior</span> <span class='ocrx_word' id='word_1_40' title='bbox 1892 605 2022 657; x_wconf 88' lang='lat' dir='ltr'>earum</span> 
     </span>
     <span class='ocr_line' id='line_1_6' title="bbox 141 709 2018 807; baseline 0.001 -27"><span class='ocrx_word' id='word_1_41' title='bbox 141 735 226 806; x_wconf 89' lang='lat' dir='ltr'>pars</span> <span class='ocrx_word' id='word_1_42' title='bbox 254 710 301 781; x_wconf 93' lang='lat' dir='ltr'>ab</span> <span class='ocrx_word' id='word_1_43' title='bbox 328 709 530 782; x_wconf 82' lang='lat' dir='ltr'>Aristotele</span> <span class='ocrx_word' id='word_1_44' title='bbox 558 711 596 782; x_wconf 93' lang='lat' dir='ltr'>in</span> <span class='ocrx_word' id='word_1_45' title='bbox 623 711 770 807; x_wconf 89' lang='lat' dir='ltr'>poetica</span> <span class='ocrx_word' id='word_1_46' title='bbox 798 725 1046 800; x_wconf 86' lang='lat' dir='ltr'>enumeratur,</span> <span class='ocrx_word' id='word_1_47' title='bbox 1074 711 1139 783; x_wconf 90' lang='lat' dir='ltr'>sed</span> <span class='ocrx_word' id='word_1_48' title='bbox 1167 724 1208 783; x_wconf 90' lang='lat' dir='ltr'>ut</span> <span class='ocrx_word' id='word_1_49' title='bbox 1233 710 1319 783; x_wconf 93' lang='lat' dir='ltr'>inde</span> <span class='ocrx_word' id='word_1_50' title='bbox 1341 709 1520 783; x_wconf 83' lang='lat' dir='ltr'>Horatius</span> <span class='ocrx_word' id='word_1_51' title='bbox 1548 735 1615 782; x_wconf 91' lang='lat' dir='ltr'>sua</span> <span class='ocrx_word' id='word_1_52' title='bbox 1642 709 1915 806; x_wconf 87' lang='lat' dir='ltr'>deprompsisse</span> <span class='ocrx_word' id='word_1_53' title='bbox 1942 735 2018 782; x_wconf 91' lang='lat' dir='ltr'>non</span> 
     </span>
     <span class='ocr_line' id='line_1_7' title="bbox 140 837 2017 938; baseline 0.001 -30"><span class='ocrx_word' id='word_1_54' title='bbox 140 839 282 935; x_wconf 89' lang='lat' dir='ltr'>possit;</span> <span class='ocrx_word' id='word_1_55' title='bbox 319 864 450 922; x_wconf 86' lang='lat' dir='ltr'>uerum</span> <span class='ocrx_word' id='word_1_56' title='bbox 475 850 601 911; x_wconf 91' lang='lat' dir='ltr'>tamen</span> <span class='ocrx_word' id='word_1_57' title='bbox 627 837 824 911; x_wconf 77' lang='lat' dir='ltr'>Horatium</span> <span class='ocrx_word' id='word_1_58' title='bbox 851 838 1039 914; x_wconf 86' lang='lat' dir='ltr'>Romanas</span> <span class='ocrx_word' id='word_1_59' title='bbox 1068 840 1191 936; x_wconf 88' lang='lat' dir='ltr'>potius</span> <span class='ocrx_word' id='word_1_60' title='bbox 1217 839 1429 938; x_wconf 82' lang='lat' dir='ltr'>tragoedias</span> <span class='ocrx_word' id='word_1_61' title='bbox 1461 838 1646 936; x_wconf 82' lang='lat' dir='ltr'>respicere</span> <span class='ocrx_word' id='word_1_62' title='bbox 1687 849 1786 935; x_wconf 92' lang='lat' dir='ltr'>puto.</span> <span class='ocrx_word' id='word_1_63' title='bbox 1863 862 1950 910; x_wconf 90' lang='lat' dir='ltr'>nam</span> <span class='ocrx_word' id='word_1_64' title='bbox 1988 838 2017 910; x_wconf 89' lang='lat' dir='ltr'>si</span> 
     </span>
     <span class='ocr_line' id='line_1_8' title="bbox 64 963 2022 1066; baseline 0 -27"><span class='ocrx_word' id='word_1_65' title='bbox 64 1056 67 1063; x_wconf 27' lang='grc' dir='ltr'>Ι</span> <span class='ocrx_word' id='word_1_66' title='bbox 141 963 310 1056; x_wconf 83' lang='lat' dir='ltr'>Pisones,</span> <span class='ocrx_word' id='word_1_67' title='bbox 351 967 381 1039; x_wconf 87' lang='lat' dir='ltr'>si</span> <span class='ocrx_word' id='word_1_68' title='bbox 421 966 580 1063; x_wconf 88' lang='lat' dir='ltr'>denique</span> <span class='ocrx_word' id='word_1_69' title='bbox 620 965 780 1040; x_wconf 83' lang='lat' dir='ltr'>Romani</span> <span class='ocrx_word' id='word_1_70' title='bbox 820 994 883 1041; x_wconf 92' lang='lat' dir='ltr'>eas</span> <span class='ocrx_word' id='word_1_71' title='bbox 909 995 1089 1066; x_wconf 86' lang='lat' dir='ltr'>personas</span> <span class='ocrx_word' id='word_1_72' title='bbox 1117 994 1272 1064; x_wconf 91' lang='lat' dir='ltr'>quarum</span> <span class='ocrx_word' id='word_1_73' title='bbox 1313 993 1436 1041; x_wconf 88' lang='lat' dir='ltr'>mores</span> <span class='ocrx_word' id='word_1_74' title='bbox 1475 966 1653 1041; x_wconf 89' lang='lat' dir='ltr'>Horatius</span> <span class='ocrx_word' id='word_1_75' title='bbox 1693 966 1754 1039; x_wconf 90' lang='lat' dir='ltr'>hie</span> <span class='ocrx_word' id='word_1_76' title='bbox 1785 965 1925 1039; x_wconf 88' lang='lat' dir='ltr'>indicat</span> <span class='ocrx_word' id='word_1_77' title='bbox 1950 965 2022 1063; x_wconf 89' lang='lat' dir='ltr'>ipsi</span> 
     </span>
     <span class='ocr_line' id='line_1_9' title="bbox 140 1095 2025 1195; baseline 0.001 -30"><span class='ocrx_word' id='word_1_78' title='bbox 140 1095 278 1192; x_wconf 91' lang='lat' dir='ltr'>passim</span> <span class='ocrx_word' id='word_1_79' title='bbox 308 1095 345 1171; x_wconf 88' lang='lat' dir='ltr'>in</span> <span class='ocrx_word' id='word_1_80' title='bbox 371 1120 506 1169; x_wconf 82' lang='lat' dir='ltr'>scaena</span> <span class='ocrx_word' id='word_1_81' title='bbox 540 1095 737 1188; x_wconf 87' lang='lat' dir='ltr'>uidebant,</span> <span class='ocrx_word' id='word_1_82' title='bbox 778 1099 895 1171; x_wconf 89' lang='lat' dir='ltr'>multo</span> <span class='ocrx_word' id='word_1_83' title='bbox 930 1099 1050 1195; x_wconf 90' lang='lat' dir='ltr'>aptior</span> <span class='ocrx_word' id='word_1_84' title='bbox 1074 1097 1221 1171; x_wconf 82' lang='lat' dir='ltr'>Horatii</span> <span class='ocrx_word' id='word_1_85' title='bbox 1248 1096 1479 1171; x_wconf 82' lang='lat' dir='ltr'>enumeratio</span> <span class='ocrx_word' id='word_1_86' title='bbox 1508 1109 1663 1190; x_wconf 85' lang='lat' dir='ltr'>estque</span> <span class='ocrx_word' id='word_1_87' title='bbox 1696 1095 1912 1171; x_wconf 80' lang='lat' dir='ltr'>inlustretur</span> <span class='ocrx_word' id='word_1_88' title='bbox 1946 1119 2025 1190; x_wconf 89' lang='lat' dir='ltr'>quo</span> 
     </span>
     <span class='ocr_line' id='line_1_10' title="bbox 141 1221 2025 1323; baseline 0 -28"><span class='ocrx_word' id='word_1_89' title='bbox 141 1222 256 1296; x_wconf 92' lang='lat' dir='ltr'>modo</span> <span class='ocrx_word' id='word_1_90' title='bbox 284 1249 467 1321; x_wconf 87' lang='lat' dir='ltr'>personae</span> <span class='ocrx_word' id='word_1_91' title='bbox 493 1250 568 1321; x_wconf 89' lang='lat' dir='ltr'>pro</span> <span class='ocrx_word' id='word_1_92' title='bbox 589 1224 747 1299; x_wconf 87' lang='lat' dir='ltr'>diuersis</span> <span class='ocrx_word' id='word_1_93' title='bbox 773 1227 940 1304; x_wconf 85' lang='lat' dir='ltr'>moribus</span> <span class='ocrx_word' id='word_1_94' title='bbox 966 1226 1058 1323; x_wconf 89' lang='lat' dir='ltr'>fingi</span> <span class='ocrx_word' id='word_1_95' title='bbox 1086 1239 1195 1323; x_wconf 90' lang='lat' dir='ltr'>atque</span> <span class='ocrx_word' id='word_1_96' title='bbox 1222 1225 1495 1323; x_wconf 89' lang='lat' dir='ltr'>repraesentari</span> <span class='ocrx_word' id='word_1_97' title='bbox 1522 1223 1694 1298; x_wconf 88' lang='lat' dir='ltr'>debeant.</span> <span class='ocrx_word' id='word_1_98' title='bbox 1747 1221 1880 1303; x_wconf 81' lang='lat' dir='ltr'>deinde</span> <span class='ocrx_word' id='word_1_99' title='bbox 1907 1234 1949 1297; x_wconf 78' lang='lat' dir='ltr'>ut</span> <span class='ocrx_word' id='word_1_100' title='bbox 1973 1221 2025 1296; x_wconf 82' lang='lat' dir='ltr'>de</span> 
     </span>
     <span class='ocr_line' id='line_1_11' title="bbox 141 1348 2023 1453; baseline 0.001 -30"><span class='ocrx_word' id='word_1_101' title='bbox 141 1348 321 1451; x_wconf 61' lang='lat' dir='ltr'>Romanis</span> <span class='ocrx_word' id='word_1_102' title='bbox 343 1352 544 1451; x_wconf 86' lang='lat' dir='ltr'>tragoediis</span> <span class='ocrx_word' id='word_1_103' title='bbox 571 1367 721 1450; x_wconf 89' lang='lat' dir='ltr'>poetam</span> <span class='ocrx_word' id='word_1_104' title='bbox 746 1355 848 1452; x_wconf 90' lang='lat' dir='ltr'>loqui</span> <span class='ocrx_word' id='word_1_105' title='bbox 864 1355 1069 1453; x_wconf 81' lang='lat' dir='ltr'>credamus</span> <span class='ocrx_word' id='word_1_106' title='bbox 1098 1381 1144 1428; x_wconf 92' lang='lat' dir='ltr'>eo</span> <span class='ocrx_word' id='word_1_107' title='bbox 1171 1380 1318 1452; x_wconf 90' lang='lat' dir='ltr'>quoque</span> <span class='ocrx_word' id='word_1_108' title='bbox 1346 1378 1615 1428; x_wconf 90' lang='lat' dir='ltr'>conmouemur</span> <span class='ocrx_word' id='word_1_109' title='bbox 1643 1351 1743 1448; x_wconf 92' lang='lat' dir='ltr'>quod</span> <span class='ocrx_word' id='word_1_110' title='bbox 1769 1352 1935 1449; x_wconf 84' lang='lat' dir='ltr'>personis</span> <span class='ocrx_word' id='word_1_111' title='bbox 1962 1351 2023 1425; x_wconf 87' lang='lat' dir='ltr'>his</span> 
     </span>
     <span class='ocr_line' id='line_1_12' title="bbox 77 1468 2023 1581; baseline -0.001 -28"><span class='ocrx_word' id='word_1_112' title='bbox 77 1468 80 1473; x_wconf 37' lang='lat'>⁵</span> <span class='ocrx_word' id='word_1_113' title='bbox 140 1480 291 1577; x_wconf 75' lang='lat' dir='ltr'>tragicis</span> <span class='ocrx_word' id='word_1_114' title='bbox 319 1494 561 1578; x_wconf 66' lang='lat' dir='ltr'>opponuntur,</span> <span class='ocrx_word' id='word_1_115' title='bbox 585 1483 678 1562; x_wconf 88' lang='lat' dir='ltr'>aliae</span> <span class='ocrx_word' id='word_1_116' title='bbox 707 1509 726 1555; x_wconf 92' lang='lat' dir='ltr'>e</span> <span class='ocrx_word' id='word_1_117' title='bbox 754 1484 949 1561; x_wconf 82' lang='lat' dir='ltr'>comoedia</span> <span class='ocrx_word' id='word_1_118' title='bbox 980 1481 1151 1556; x_wconf 85' lang='lat' dir='ltr'>Romana</span> <span class='ocrx_word' id='word_1_119' title='bbox 1188 1484 1346 1581; x_wconf 86' lang='lat' dir='ltr'>petitae,</span> <span class='ocrx_word' id='word_1_120' title='bbox 1386 1481 1565 1556; x_wconf 85' lang='lat' dir='ltr'>Chremes</span> <span class='ocrx_word' id='word_1_121' title='bbox 1605 1484 1698 1579; x_wconf 87' lang='grc'>(94)</span> <span class='ocrx_word' id='word_1_122' title='bbox 1740 1481 1868 1555; x_wconf 90' lang='lat' dir='ltr'>Dauus</span> <span class='ocrx_word' id='word_1_123' title='bbox 1907 1482 2023 1578; x_wconf 73' lang='lat'><strong>(237)</strong></span> 
     </span>
     <span class='ocr_line' id='line_1_13' title="bbox 143 1604 2025 1709; baseline 0.001 -29"><span class='ocrx_word' id='word_1_124' title='bbox 143 1604 298 1709; x_wconf 80' lang='lat' dir='ltr'>Pythias</span> <span class='ocrx_word' id='word_1_125' title='bbox 319 1607 422 1683; x_wconf 89' lang='lat' dir='ltr'>Simo</span> <span class='ocrx_word' id='word_1_126' title='bbox 442 1609 560 1708; x_wconf 77' lang='lat'>(238).</span> <span class='ocrx_word' id='word_1_127' title='bbox 600 1636 720 1708; x_wconf 88' lang='lat' dir='ltr'>neque</span> <span class='ocrx_word' id='word_1_128' title='bbox 735 1612 764 1684; x_wconf 92' lang='lat' dir='ltr'>si</span> <span class='ocrx_word' id='word_1_129' title='bbox 780 1609 1005 1688; x_wconf 86' lang='lat' dir='ltr'>Graecarum</span> <span class='ocrx_word' id='word_1_130' title='bbox 1021 1613 1230 1685; x_wconf 89' lang='lat' dir='ltr'>fabularum</span> <span class='ocrx_word' id='word_1_131' title='bbox 1245 1613 1428 1687; x_wconf 90' lang='lat' dir='ltr'>rationem</span> <span class='ocrx_word' id='word_1_132' title='bbox 1443 1610 1648 1702; x_wconf 83' lang='lat' dir='ltr'>habuisset,</span> <span class='ocrx_word' id='word_1_133' title='bbox 1669 1609 1865 1683; x_wconf 87' lang='lat' dir='ltr'>Horatium</span> <span class='ocrx_word' id='word_1_134' title='bbox 1879 1608 2025 1683; x_wconf 71' lang='lat' dir='ltr'>Theba</span> 
     </span>
     <span class='ocr_line' id='line_1_14' title="bbox 141 1737 2025 1840; baseline -0.001 -27"><span class='ocrx_word' id='word_1_135' title='bbox 141 1762 228 1813; x_wconf 82' lang='lat' dir='ltr'>uam</span> <span class='ocrx_word' id='word_1_136' title='bbox 257 1737 426 1830; x_wconf 91' lang='lat' dir='ltr'>domum,</span> <span class='ocrx_word' id='word_1_137' title='bbox 467 1738 514 1811; x_wconf 93' lang='lat' dir='ltr'>de</span> <span class='ocrx_word' id='word_1_138' title='bbox 542 1764 613 1836; x_wconf 90' lang='lat' dir='ltr'>qua</span> <span class='ocrx_word' id='word_1_139' title='bbox 645 1741 826 1838; x_wconf 87' lang='lat' dir='ltr'>plurimae</span> <span class='ocrx_word' id='word_1_140' title='bbox 855 1766 993 1837; x_wconf 90' lang='lat' dir='ltr'>eaeque</span> <span class='ocrx_word' id='word_1_141' title='bbox 1021 1742 1183 1839; x_wconf 89' lang='lat' dir='ltr'>optimae</span> <span class='ocrx_word' id='word_1_142' title='bbox 1210 1740 1425 1840; x_wconf 87' lang='lat' dir='ltr'>tragoediae</span> <span class='ocrx_word' id='word_1_143' title='bbox 1454 1740 1652 1830; x_wconf 83' lang='lat' dir='ltr'>extabant,</span> <span class='ocrx_word' id='word_1_144' title='bbox 1692 1764 1848 1836; x_wconf 86' lang='lat' dir='ltr'>prorsus</span> <span class='ocrx_word' id='word_1_145' title='bbox 1872 1738 2025 1811; x_wconf 80' lang='lat' dir='ltr'>silentia</span> 
     </span>
     <span class='ocr_line' id='line_1_15' title="bbox 141 1865 2026 1966; baseline 0.002 -29"><span class='ocrx_word' id='word_1_146' title='bbox 141 1866 427 1963; x_wconf 85' lang='lat' dir='ltr'>praeteriturum</span> <span class='ocrx_word' id='word_1_147' title='bbox 454 1867 569 1949; x_wconf 82' lang='lat' dir='ltr'>fuisse</span> <span class='ocrx_word' id='word_1_148' title='bbox 596 1869 790 1966; x_wconf 85' lang='lat' dir='ltr'>probabile</span> <span class='ocrx_word' id='word_1_149' title='bbox 818 1872 945 1945; x_wconf 80' lang='lat' dir='ltr'>est20.</span> <span class='ocrx_word' id='word_1_150' title='bbox 1010 1896 1081 1943; x_wconf 88' lang='lat' dir='ltr'>nee</span> <span class='ocrx_word' id='word_1_151' title='bbox 1115 1882 1241 1943; x_wconf 89' lang='lat' dir='ltr'>tamen</span> <span class='ocrx_word' id='word_1_152' title='bbox 1275 1868 1471 1942; x_wconf 88' lang='lat' dir='ltr'>mirabitur</span> <span class='ocrx_word' id='word_1_153' title='bbox 1495 1893 1571 1941; x_wconf 93' lang='lat' dir='ltr'>non</span> <span class='ocrx_word' id='word_1_154' title='bbox 1599 1868 1703 1940; x_wconf 90' lang='lat' dir='ltr'>nulla</span> <span class='ocrx_word' id='word_1_155' title='bbox 1729 1879 1949 1965; x_wconf 84' lang='lat' dir='ltr'>argumenta</span> <span class='ocrx_word' id='word_1_156' title='bbox 1974 1865 2026 1940; x_wconf 77' lang='lat' dir='ltr'>ab</span> 
     </span>
     <span class='ocr_line' id='line_1_16' title="bbox 141 1981 2024 2096; baseline -0.001 -30"><span class='ocrx_word' id='word_1_157' title='bbox 141 1992 299 2068; x_wconf 89' lang='lat' dir='ltr'>Horatio</span> <span class='ocrx_word' id='word_1_158' title='bbox 327 2008 608 2072; x_wconf 89' lang='lat' dir='ltr'>conmemorata</span> <span class='ocrx_word' id='word_1_159' title='bbox 632 1995 744 2071; x_wconf 92' lang='lat' dir='ltr'>hodie</span> <span class='ocrx_word' id='word_1_160' title='bbox 778 1998 875 2070; x_wconf 88' lang='lat' dir='ltr'>inter</span> <span class='ocrx_word' id='word_1_161' title='bbox 900 1996 1155 2071; x_wconf 84' lang='lat' dir='ltr'>Romanorum</span> <span class='ocrx_word' id='word_1_162' title='bbox 1189 1998 1417 2096; x_wconf 87' lang='lat' dir='ltr'>tragicorum</span> <span class='ocrx_word' id='word_1_163' title='bbox 1449 1996 1624 2092; x_wconf 87' lang='lat' dir='ltr'>reliquias</span> <span class='ocrx_word' id='word_1_164' title='bbox 1656 2023 1734 2070; x_wconf 92' lang='lat' dir='ltr'>non</span> <span class='ocrx_word' id='word_1_165' title='bbox 1775 2007 1921 2085; x_wconf 85' lang='lat' dir='ltr'>extare,</span> <span class='ocrx_word' id='word_1_166' title='bbox 1961 1981 2024 2089; x_wconf 83' lang='lat' dir='ltr'>qui</span> 
     </span>
     <span class='ocr_line' id='line_1_17' title="bbox 142 2122 2023 2224; baseline 0.001 -29"><span class='ocrx_word' id='word_1_167' title='bbox 142 2148 313 2195; x_wconf 85' lang='lat' dir='ltr'>mancam</span> <span class='ocrx_word' id='word_1_168' title='bbox 349 2136 516 2202; x_wconf 86' lang='lat' dir='ltr'>nostram</span> <span class='ocrx_word' id='word_1_169' title='bbox 552 2136 662 2221; x_wconf 85' lang='lat' dir='ltr'>atque</span> <span class='ocrx_word' id='word_1_170' title='bbox 696 2125 859 2199; x_wconf 85' lang='lat' dir='ltr'>laceram</span> <span class='ocrx_word' id='word_1_171' title='bbox 896 2152 1054 2201; x_wconf 88' lang='lat' dir='ltr'>scaenae</span> <span class='ocrx_word' id='word_1_172' title='bbox 1093 2125 1285 2201; x_wconf 82' lang='lat' dir='ltr'>Romanae</span> <span class='ocrx_word' id='word_1_173' title='bbox 1326 2127 1580 2224; x_wconf 87' lang='lat' dir='ltr'>cognitionem</span> <span class='ocrx_word' id='word_1_174' title='bbox 1620 2126 1745 2198; x_wconf 91' lang='lat' dir='ltr'>animo</span> <span class='ocrx_word' id='word_1_175' title='bbox 1785 2122 2023 2220; x_wconf 83' lang='lat' dir='ltr'>reputauerit,</span> 
     </span>
     <span class='ocr_line' id='line_1_18' title="bbox 128 2251 2024 2353; baseline 0.002 -31"><span class='ocrx_word' id='word_1_176' title='bbox 128 2251 305 2348; x_wconf 86' lang='lat' dir='ltr'>¹denique</span> <span class='ocrx_word' id='word_1_177' title='bbox 332 2254 490 2326; x_wconf 85' lang='lat' dir='ltr'>fortasse</span> <span class='ocrx_word' id='word_1_178' title='bbox 516 2280 594 2327; x_wconf 92' lang='lat' dir='ltr'>non</span> <span class='ocrx_word' id='word_1_179' title='bbox 621 2255 757 2351; x_wconf 90' lang='lat' dir='ltr'>ubique</span> <span class='ocrx_word' id='word_1_180' title='bbox 783 2254 962 2330; x_wconf 91' lang='lat' dir='ltr'>Horatius</span> <span class='ocrx_word' id='word_1_181' title='bbox 989 2268 1109 2329; x_wconf 87' lang='lat' dir='ltr'>certas</span> <span class='ocrx_word' id='word_1_182' title='bbox 1137 2255 1316 2353; x_wconf 90' lang='lat' dir='ltr'>quasdam</span> <span class='ocrx_word' id='word_1_183' title='bbox 1342 2253 1556 2352; x_wconf 85' lang='lat' dir='ltr'>tragoedias</span> <span class='ocrx_word' id='word_1_184' title='bbox 1589 2252 1756 2350; x_wconf 80' lang='lat' dir='ltr'>respexit</span> <span class='ocrx_word' id='word_1_185' title='bbox 1794 2251 1863 2325; x_wconf 88' lang='lat' dir='ltr'>sed</span> <span class='ocrx_word' id='word_1_186' title='bbox 1899 2251 2024 2349; x_wconf 80' lang='lat' dir='ltr'>potius</span> 
     </span>
     <span class='ocr_line' id='line_1_19' title="bbox 61 2381 1052 2486; baseline 0.004 -32"><span class='ocrx_word' id='word_1_187' title='bbox 61 2481 63 2486; x_wconf 20' lang='grc' dir='ltr'>Ι</span> <span class='ocrx_word' id='word_1_188' title='bbox 143 2381 271 2476; x_wconf 87' lang='lat' dir='ltr'>quales</span> <span class='ocrx_word' id='word_1_189' title='bbox 297 2382 388 2479; x_wconf 84' lang='lat' dir='ltr'>fingi</span> <span class='ocrx_word' id='word_1_190' title='bbox 416 2395 570 2479; x_wconf 87' lang='lat' dir='ltr'>possent</span> <span class='ocrx_word' id='word_1_191' title='bbox 595 2409 778 2480; x_wconf 89' lang='lat' dir='ltr'>personae</span> <span class='ocrx_word' id='word_1_192' title='bbox 807 2385 1052 2459; x_wconf 91' lang='lat' dir='ltr'>adumbrauit.</span> 
     </span>
     <span class='ocr_line' id='line_1_20' title="bbox 303 2506 2028 2611; baseline 0.002 -30"><span class='ocrx_word' id='word_1_193' title='bbox 303 2506 412 2597; x_wconf 84' lang='lat' dir='ltr'>Quod</span> <span class='ocrx_word' id='word_1_194' title='bbox 439 2524 522 2587; x_wconf 91' lang='lat' dir='ltr'>utut</span> <span class='ocrx_word' id='word_1_195' title='bbox 549 2537 589 2585; x_wconf 90' lang='lat' dir='ltr'>se</span> <span class='ocrx_word' id='word_1_196' title='bbox 617 2512 742 2603; x_wconf 89' lang='lat' dir='ltr'>habet,</span> <span class='ocrx_word' id='word_1_197' title='bbox 771 2513 927 2610; x_wconf 88' lang='lat' dir='ltr'>adparet</span> <span class='ocrx_word' id='word_1_198' title='bbox 954 2539 1074 2610; x_wconf 90' lang='lat' dir='ltr'>neque</span> <span class='ocrx_word' id='word_1_199' title='bbox 1100 2513 1308 2587; x_wconf 88' lang='lat' dir='ltr'>Homerum</span> <span class='ocrx_word' id='word_1_200' title='bbox 1336 2512 1568 2611; x_wconf 87' lang='lat' dir='ltr'>cycliumque</span> <span class='ocrx_word' id='word_1_201' title='bbox 1595 2508 1699 2583; x_wconf 89' lang='lat' dir='ltr'>illum</span> <span class='ocrx_word' id='word_1_202' title='bbox 1724 2519 1876 2605; x_wconf 88' lang='lat' dir='ltr'>poetam</span> <span class='ocrx_word' id='word_1_203' title='bbox 1903 2531 2028 2604; x_wconf 78' lang='lat' dir='ltr'>nequa</span> 
     </span>
    </p>

    <p class='ocr_par' dir='ltr' id='par_1_4' title="bbox 123 2634 2027 3126">
     <span class='ocr_line' id='line_1_21' title="bbox 144 2634 2027 2739; baseline 0.002 -31"><span class='ocrx_word' id='word_1_204' title='bbox 144 2636 206 2733; x_wconf 90' lang='lat' dir='ltr'>qui</span> <span class='ocrx_word' id='word_1_205' title='bbox 232 2663 322 2735; x_wconf 91' lang='lat' dir='ltr'>quas</span> <span class='ocrx_word' id='word_1_206' title='bbox 349 2640 519 2713; x_wconf 91' lang='lat' dir='ltr'>recensui</span> <span class='ocrx_word' id='word_1_207' title='bbox 547 2641 761 2737; x_wconf 89' lang='lat' dir='ltr'>tragoedias</span> <span class='ocrx_word' id='word_1_208' title='bbox 788 2643 1014 2739; x_wconf 90' lang='lat' dir='ltr'>seripserunt</span> <span class='ocrx_word' id='word_1_209' title='bbox 1052 2643 1201 2738; x_wconf 89' lang='lat' dir='ltr'>proprie</span> <span class='ocrx_word' id='word_1_210' title='bbox 1241 2653 1414 2715; x_wconf 85' lang='lat' dir='ltr'>auctores</span> <span class='ocrx_word' id='word_1_211' title='bbox 1453 2639 1526 2713; x_wconf 89' lang='lat' dir='ltr'>dici</span> <span class='ocrx_word' id='word_1_212' title='bbox 1564 2663 1676 2735; x_wconf 90' lang='lat' dir='ltr'>posse</span> <span class='ocrx_word' id='word_1_213' title='bbox 1711 2661 1804 2733; x_wconf 87' lang='lat' dir='ltr'>quos</span> <span class='ocrx_word' id='word_1_214' title='bbox 1839 2646 1950 2733; x_wconf 88' lang='lat' dir='ltr'>poeta</span> <span class='ocrx_word' id='word_1_215' title='bbox 1982 2634 2027 2711; x_wconf 74' lang='lat' dir='ltr'>iu</span> 
     </span>
     <span class='ocr_line' id='line_1_22' title="bbox 123 2762 2024 2865; baseline -0.003 -26"><span class='ocrx_word' id='word_1_216' title='bbox 123 2765 415 2850; x_wconf 66' lang='lat' dir='ltr'>&#39;conscribenda</span> <span class='ocrx_word' id='word_1_217' title='bbox 440 2767 510 2840; x_wconf 89' lang='lat' dir='ltr'>hac</span> <span class='ocrx_word' id='word_1_218' title='bbox 538 2769 697 2865; x_wconf 90' lang='lat' dir='ltr'>epistula</span> <span class='ocrx_word' id='word_1_219' title='bbox 723 2782 873 2845; x_wconf 90' lang='lat' dir='ltr'>secutus</span> <span class='ocrx_word' id='word_1_220' title='bbox 901 2772 958 2862; x_wconf 89' lang='lat' dir='ltr'>sit,</span> <span class='ocrx_word' id='word_1_221' title='bbox 998 2770 1065 2844; x_wconf 87' lang='lat' dir='ltr'>sed</span> <span class='ocrx_word' id='word_1_222' title='bbox 1096 2782 1240 2843; x_wconf 86' lang='lat' dir='ltr'>tanturn</span> <span class='ocrx_word' id='word_1_223' title='bbox 1281 2782 1322 2842; x_wconf 91' lang='lat' dir='ltr'>ut</span> <span class='ocrx_word' id='word_1_224' title='bbox 1361 2767 1542 2864; x_wconf 87' lang='lat' dir='ltr'>exemplis</span> <span class='ocrx_word' id='word_1_225' title='bbox 1577 2767 1630 2840; x_wconf 89' lang='lat' dir='ltr'>eis</span> <span class='ocrx_word' id='word_1_226' title='bbox 1665 2765 1718 2840; x_wconf 92' lang='lat' dir='ltr'>uti</span> <span class='ocrx_word' id='word_1_227' title='bbox 1757 2762 2024 2837; x_wconf 78' lang='lat' dir='ltr'>Horatium21.</span> 
     </span>
     <span class='ocr_line' id='line_1_23' title="bbox 142 2890 2025 2988; baseline -0.001 -19"><span class='ocrx_word' id='word_1_228' title='bbox 142 2893 347 2969; x_wconf 87' lang='lat' dir='ltr'>uidendum</span> <span class='ocrx_word' id='word_1_229' title='bbox 375 2920 466 2970; x_wconf 91' lang='lat' dir='ltr'>uero</span> <span class='ocrx_word' id='word_1_230' title='bbox 493 2921 540 2968; x_wconf 91' lang='lat' dir='ltr'>an</span> <span class='ocrx_word' id='word_1_231' title='bbox 566 2898 793 2971; x_wconf 88' lang='lat' dir='ltr'>relicuorum</span> <span class='ocrx_word' id='word_1_232' title='bbox 818 2900 966 2973; x_wconf 87' lang='lat' dir='ltr'>illorum</span> <span class='ocrx_word' id='word_1_233' title='bbox 989 2900 1158 2973; x_wconf 88' lang='lat' dir='ltr'>locorum</span> <span class='ocrx_word' id='word_1_234' title='bbox 1187 2899 1259 2971; x_wconf 91' lang='lat' dir='ltr'>alia</span> <span class='ocrx_word' id='word_1_235' title='bbox 1280 2899 1376 2971; x_wconf 89' lang='lat' dir='ltr'>forte</span> <span class='ocrx_word' id='word_1_236' title='bbox 1402 2896 1498 2969; x_wconf 90' lang='lat' dir='ltr'>ratio</span> <span class='ocrx_word' id='word_1_237' title='bbox 1521 2896 1578 2970; x_wconf 88' lang='lat' dir='ltr'>sit.</span> <span class='ocrx_word' id='word_1_238' title='bbox 1632 2904 1669 2968; x_wconf 88' lang='lat' dir='ltr'>et</span> <span class='ocrx_word' id='word_1_239' title='bbox 1691 2919 1720 2967; x_wconf 86' lang='lat' dir='ltr'>a.</span> <span class='ocrx_word' id='word_1_240' title='bbox 1734 2891 1934 2967; x_wconf 86' lang='lat' dir='ltr'>Socraticis</span> <span class='ocrx_word' id='word_1_241' title='bbox 1947 2890 2025 2988; x_wconf 78' lang='lat' dir='ltr'>qul·</span> 
     </span>
     <span class='ocr_line' id='line_1_24' title="bbox 144 3022 1271 3126; baseline 0.004 -29"><span class='ocrx_word' id='word_1_242' title='bbox 144 3022 231 3097; x_wconf 91' lang='lat' dir='ltr'>dem</span> <span class='ocrx_word' id='word_1_243' title='bbox 244 3023 382 3097; x_wconf 89' lang='lat' dir='ltr'>chartis</span> <span class='ocrx_word' id='word_1_244' title='bbox 408 3035 451 3097; x_wconf 91' lang='lat' dir='ltr'>ut</span> <span class='ocrx_word' id='word_1_245' title='bbox 477 3023 676 3118; x_wconf 90' lang='lat' dir='ltr'>ordiamur,</span> <span class='ocrx_word' id='word_1_246' title='bbox 704 3026 796 3100; x_wconf 92' lang='lat' dir='ltr'>haec</span> <span class='ocrx_word' id='word_1_247' title='bbox 824 3027 934 3104; x_wconf 88' lang='lat' dir='ltr'>docet</span> <span class='ocrx_word' id='word_1_248' title='bbox 959 3027 1137 3102; x_wconf 88' lang='lat' dir='ltr'>Horatius</span> <span class='ocrx_word' id='word_1_249' title='bbox 1164 3029 1271 3126; x_wconf 85' lang='lat'>(309)</span> 
     </span>
    </p>

    <p class='ocr_par' dir='ltr' id='par_1_5' title="bbox 460 3146 1527 3255">
     <span class='ocr_line' id='line_1_25' title="bbox 460 3146 1527 3255; baseline -0.001 -29"><span class='ocrx_word' id='word_1_250' title='bbox 460 3165 562 3226; x_wconf 87' lang='lat' dir='ltr'>recte</span> <span class='ocrx_word' id='word_1_251' title='bbox 590 3156 775 3229; x_wconf 89' lang='lat' dir='ltr'>scribendi</span> <span class='ocrx_word' id='word_1_252' title='bbox 801 3146 932 3254; x_wconf 82' lang='lat' dir='ltr'>&#39;sapere</span> <span class='ocrx_word' id='word_1_253' title='bbox 961 3169 1017 3230; x_wconf 89' lang='lat' dir='ltr'>cst</span> <span class='ocrx_word' id='word_1_254' title='bbox 1043 3170 1080 3230; x_wconf 89' lang='lat' dir='ltr'>et</span> <span class='ocrx_word' id='word_1_255' title='bbox 1105 3157 1327 3255; x_wconf 88' lang='lat' dir='ltr'>principium</span> <span class='ocrx_word' id='word_1_256' title='bbox 1356 3168 1394 3228; x_wconf 87' lang='lat' dir='ltr'>et</span> <span class='ocrx_word' id='word_1_257' title='bbox 1419 3156 1527 3228; x_wconf 87' lang='lat' dir='ltr'>fons:</span> 
     </span>
    </p>

    <p class='ocr_par' dir='ltr' id='par_1_6' title="bbox 462 3281 1493 3384">
     <span class='ocr_line' id='line_1_26' title="bbox 462 3281 1493 3384; baseline 0.005 -31"><span class='ocrx_word' id='word_1_258' title='bbox 462 3306 539 3354; x_wconf 89' lang='lat' dir='ltr'>rem</span> <span class='ocrx_word' id='word_1_259' title='bbox 565 3284 634 3357; x_wconf 88' lang='lat' dir='ltr'>tibi</span> <span class='ocrx_word' id='word_1_260' title='bbox 662 3281 873 3358; x_wconf 86' lang='lat' dir='ltr'>Socraticae</span> <span class='ocrx_word' id='word_1_261' title='bbox 899 3298 1077 3384; x_wconf 89' lang='lat' dir='ltr'>poterunt</span> <span class='ocrx_word' id='word_1_262' title='bbox 1104 3285 1302 3359; x_wconf 86' lang='lat' dir='ltr'>ostendere</span> <span class='ocrx_word' id='word_1_263' title='bbox 1330 3285 1493 3375; x_wconf 89' lang='lat' dir='ltr'>chartae,</span> 
     </span>
    </p>

    <p class='ocr_par' dir='ltr' id='par_1_7' title="bbox 462 3412 1436 3512">
     <span class='ocr_line' id='line_1_27' title="bbox 462 3412 1436 3512; baseline 0.001 -29"><span class='ocrx_word' id='word_1_264' title='bbox 462 3412 650 3510; x_wconf 90' lang='lat' dir='ltr'>uerbaque</span> <span class='ocrx_word' id='word_1_265' title='bbox 676 3415 864 3512; x_wconf 88' lang='lat' dir='ltr'>prouisam</span> <span class='ocrx_word' id='word_1_266' title='bbox 893 3441 970 3488; x_wconf 89' lang='lat' dir='ltr'>rem</span> <span class='ocrx_word' id='word_1_267' title='bbox 999 3440 1075 3487; x_wconf 92' lang='lat' dir='ltr'>non</span> <span class='ocrx_word' id='word_1_268' title='bbox 1102 3415 1219 3487; x_wconf 90' lang='lat' dir='ltr'>inuita</span> <span class='ocrx_word' id='word_1_269' title='bbox 1246 3425 1436 3510; x_wconf 88' lang='lat' dir='ltr'>sequntur.</span> 
     </span>
    </p>

    <p class='ocr_par' dir='ltr' id='par_1_8' title="bbox 463 3541 1471 3640">
     <span class='ocr_line' id='line_1_28' title="bbox 463 3541 1471 3640; baseline 0.001 -27"><span class='ocrx_word' id='word_1_270' title='bbox 463 3541 525 3636; x_wconf 92' lang='lat' dir='ltr'>qui</span> <span class='ocrx_word' id='word_1_271' title='bbox 551 3541 680 3621; x_wconf 89' lang='lat' dir='ltr'>didicit</span> <span class='ocrx_word' id='word_1_272' title='bbox 705 3544 846 3640; x_wconf 90' lang='lat' dir='ltr'>patriae</span> <span class='ocrx_word' id='word_1_273' title='bbox 874 3543 963 3640; x_wconf 92' lang='lat' dir='ltr'>quid</span> <span class='ocrx_word' id='word_1_274' title='bbox 990 3544 1126 3617; x_wconf 90' lang='lat' dir='ltr'>debeat</span> <span class='ocrx_word' id='word_1_275' title='bbox 1153 3543 1304 3639; x_wconf 92' lang='lat' dir='ltr'>etquid</span> <span class='ocrx_word' id='word_1_276' title='bbox 1332 3541 1471 3632; x_wconf 87' lang='lat' dir='ltr'>amicis,</span> 
     </span>
    </p>

    <p class='ocr_par' dir='ltr' id='par_1_9' title="bbox 462 3670 1616 3769">
     <span class='ocr_line' id='line_1_29' title="bbox 462 3670 1616 3769; baseline 0.002 -30"><span class='ocrx_word' id='word_1_277' title='bbox 462 3693 535 3762; x_wconf 95' lang='lat' dir='ltr'>quo</span> <span class='ocrx_word' id='word_1_278' title='bbox 563 3671 611 3743; x_wconf 88' lang='lat' dir='ltr'>sit</span> <span class='ocrx_word' id='word_1_279' title='bbox 637 3697 764 3748; x_wconf 86' lang='lat' dir='ltr'>amore</span> <span class='ocrx_word' id='word_1_280' title='bbox 791 3698 934 3769; x_wconf 76' lang='lat' dir='ltr'>parens.</span> <span class='ocrx_word' id='word_1_281' title='bbox 953 3700 1026 3769; x_wconf 89' lang='lat' dir='ltr'>quo</span> <span class='ocrx_word' id='word_1_282' title='bbox 1054 3673 1168 3745; x_wconf 86' lang='lat' dir='ltr'>frater</span> <span class='ocrx_word' id='word_1_283' title='bbox 1194 3670 1376 3745; x_wconf 90' lang='lat' dir='ltr'>amandus</span> <span class='ocrx_word' id='word_1_284' title='bbox 1404 3682 1440 3743; x_wconf 89' lang='lat' dir='ltr'>et</span> <span class='ocrx_word' id='word_1_285' title='bbox 1465 3670 1616 3766; x_wconf 84' lang='lat' dir='ltr'>hospes,</span> 
     </span>
    </p>

    <p class='ocr_par' dir='ltr' id='par_1_10' title="bbox 463 3797 1475 3899">
     <span class='ocr_line' id='line_1_30' title="bbox 463 3797 1475 3899; baseline 0 -29"><span class='ocrx_word' id='word_1_286' title='bbox 463 3797 564 3894; x_wconf 93' lang='lat' dir='ltr'>quod</span> <span class='ocrx_word' id='word_1_287' title='bbox 591 3800 639 3873; x_wconf 91' lang='lat' dir='ltr'>sit</span> <span class='ocrx_word' id='word_1_288' title='bbox 665 3801 865 3898; x_wconf 85' lang='lat' dir='ltr'>conscripti</span> <span class='ocrx_word' id='word_1_289' title='bbox 892 3801 992 3899; x_wconf 92' lang='lat' dir='ltr'>quod</span> <span class='ocrx_word' id='word_1_290' title='bbox 1019 3801 1148 3875; x_wconf 90' lang='lat' dir='ltr'>iudicis</span> <span class='ocrx_word' id='word_1_291' title='bbox 1176 3801 1352 3890; x_wconf 82' lang='lat' dir='ltr'>officium,</span> <span class='ocrx_word' id='word_1_292' title='bbox 1381 3823 1475 3896; x_wconf 86' lang='lat' dir='ltr'>quaa</span> 
     </span>
    </p>

    <p class='ocr_par' dir='ltr' id='par_1_11' title="bbox 461 3928 1376 4026">
     <span class='ocr_line' id='line_1_31' title="bbox 461 3928 1376 4026; baseline 0.001 -28"><span class='ocrx_word' id='word_1_293' title='bbox 461 3937 586 4023; x_wconf 87' lang='lat' dir='ltr'>partes</span> <span class='ocrx_word' id='word_1_294' title='bbox 612 3928 650 4002; x_wconf 90' lang='lat' dir='ltr'>in</span> <span class='ocrx_word' id='word_1_295' title='bbox 678 3928 816 4003; x_wconf 87' lang='lat' dir='ltr'>bellurn</span> <span class='ocrx_word' id='word_1_296' title='bbox 844 3931 949 4004; x_wconf 88' lang='lat' dir='ltr'>missi</span> <span class='ocrx_word' id='word_1_297' title='bbox 975 3930 1091 4022; x_wconf 90' lang='lat' dir='ltr'>ducis,</span> <span class='ocrx_word' id='word_1_298' title='bbox 1118 3930 1179 4002; x_wconf 92' lang='lat' dir='ltr'>ille</span> <span class='ocrx_word' id='word_1_299' title='bbox 1206 3928 1376 4026; x_wconf 85' lang='lat' dir='ltr'>profecto</span> 
     </span>
    </p>
   </div>
   <div class='ocr_carea' id='block_1_4' title="bbox 145 4053 2027 4285">
    <p class='ocr_par' dir='ltr' id='par_1_12' title="bbox 145 4053 2027 4285">
     <span class='ocr_line' id='line_1_32' title="bbox 461 4053 1382 4154; baseline 0.002 -29"><span class='ocrx_word' id='word_1_300' title='bbox 461 4053 618 4135; x_wconf 85' lang='lat' dir='ltr'>reddere</span> <span class='ocrx_word' id='word_1_301' title='bbox 645 4082 828 4154; x_wconf 87' lang='lat' dir='ltr'>personae</span> <span class='ocrx_word' id='word_1_302' title='bbox 857 4059 925 4132; x_wconf 89' lang='lat' dir='ltr'>scit</span> <span class='ocrx_word' id='word_1_303' title='bbox 952 4058 1214 4133; x_wconf 85' lang='lat' dir='ltr'>conuenientia</span> <span class='ocrx_word' id='word_1_304' title='bbox 1240 4057 1382 4152; x_wconf 91' lang='lat' dir='ltr'>cuique.</span> 
     </span>
     <span class='ocr_line' id='line_1_33' title="bbox 145 4172 2027 4285; baseline 0.001 -35"><span class='ocrx_word' id='word_1_305' title='bbox 145 4189 246 4253; x_wconf 85' lang='lat' dir='ltr'>recte</span> <span class='ocrx_word' id='word_1_306' title='bbox 273 4179 464 4261; x_wconf 85' lang='lat' dir='ltr'>Arnoldus</span> <span class='ocrx_word' id='word_1_307' title='bbox 481 4185 525 4233; x_wconf 76' lang='lat'>²²</span> <span class='ocrx_word' id='word_1_308' title='bbox 566 4185 637 4259; x_wconf 90' lang='lat' dir='ltr'>hae</span> <span class='ocrx_word' id='word_1_309' title='bbox 670 4187 901 4285; x_wconf 91' lang='lat' dir='ltr'>singulorum</span> <span class='ocrx_word' id='word_1_310' title='bbox 935 4187 1142 4261; x_wconf 83' lang='lat' dir='ltr'>officiorum</span> <span class='ocrx_word' id='word_1_311' title='bbox 1173 4184 1454 4259; x_wconf 89' lang='lat' dir='ltr'>enumeratione</span> <span class='ocrx_word' id='word_1_312' title='bbox 1479 4179 1742 4279; x_wconf 86' lang='lat' dir='ltr'>Xenophontis</span> <span class='ocrx_word' id='word_1_313' title='bbox 1768 4172 2027 4253; x_wconf 76' lang='lat' dir='ltr'>memorabilia</span> 
     </span>
    </p>
   </div>
   <div class='ocr_carea' id='block_1_5' title="bbox 147 4301 2026 4543">
    <p class='ocr_par' dir='ltr' id='par_1_13' title="bbox 147 4301 2026 4543">
     <span class='ocr_line' id='line_1_34' title="bbox 147 4301 2026 4413; baseline -0.003 -36"><span class='ocrx_word' id='word_1_314' title='bbox 147 4303 310 4380; x_wconf 89' lang='lat' dir='ltr'>Socratis</span> <span class='ocrx_word' id='word_1_315' title='bbox 336 4308 491 4390; x_wconf 85' lang='lat' dir='ltr'>indicari</span> <span class='ocrx_word' id='word_1_316' title='bbox 520 4314 728 4411; x_wconf 86' lang='lat' dir='ltr'>suspicatus</span> <span class='ocrx_word' id='word_1_317' title='bbox 738 4328 809 4388; x_wconf 88' lang='lat' dir='ltr'>est.</span> <span class='ocrx_word' id='word_1_318' title='bbox 847 4341 936 4390; x_wconf 90' lang='lat' dir='ltr'>nam</span> <span class='ocrx_word' id='word_1_319' title='bbox 962 4316 1150 4413; x_wconf 90' lang='lat' dir='ltr'>patriae</span> <span class='ocrx_word' id='word_1_320' title='bbox 1180 4313 1267 4412; x_wconf 89' lang='lat' dir='ltr'>quid</span> <span class='ocrx_word' id='word_1_321' title='bbox 1294 4313 1476 4386; x_wconf 87' lang='lat' dir='ltr'>debeatur</span> <span class='ocrx_word' id='word_1_322' title='bbox 1497 4309 1671 4384; x_wconf 84' lang='lat' dir='ltr'>Socrates</span> <span class='ocrx_word' id='word_1_323' title='bbox 1698 4307 1750 4380; x_wconf 93' lang='lat' dir='ltr'>ibi</span> <span class='ocrx_word' id='word_1_324' title='bbox 1775 4327 1894 4403; x_wconf 87' lang='lat' dir='ltr'>paene</span> <span class='ocrx_word' id='word_1_325' title='bbox 1920 4301 2026 4376; x_wconf 87' lang='lat' dir='ltr'>nullo</span> 
     </span>
     <span class='ocr_line' id='line_1_35' title="bbox 147 4430 2026 4543; baseline -0.006 -27"><span class='ocrx_word' id='word_1_326' title='bbox 147 4434 266 4531; x_wconf 79' lang='lat' dir='ltr'>capite</span> <span class='ocrx_word' id='word_1_327' title='bbox 293 4461 370 4508; x_wconf 92' lang='lat' dir='ltr'>non</span> <span class='ocrx_word' id='word_1_328' title='bbox 398 4442 571 4543; x_wconf 76' lang='lat' dir='ltr'>exponit3</span> <span class='ocrx_word' id='word_1_329' title='bbox 607 4443 778 4517; x_wconf 90' lang='lat' dir='ltr'>amieis</span> <span class='ocrx_word' id='word_1_330' title='bbox 804 4469 895 4518; x_wconf 90' lang='lat' dir='ltr'>uero</span> <span class='ocrx_word' id='word_1_331' title='bbox 923 4445 1011 4541; x_wconf 93' lang='lat' dir='ltr'>quid</span> <span class='ocrx_word' id='word_1_332' title='bbox 1038 4443 1304 4543; x_wconf 85' lang='lat' dir='ltr'>praestandum</span> <span class='ocrx_word' id='word_1_333' title='bbox 1332 4442 1379 4514; x_wconf 92' lang='lat' dir='ltr'>sit</span> <span class='ocrx_word' id='word_1_334' title='bbox 1404 4440 1523 4514; x_wconf 85' lang='lat' dir='ltr'>fusius</span> <span class='ocrx_word' id='word_1_335' title='bbox 1549 4438 1634 4511; x_wconf 88' lang='lat' dir='ltr'>libri</span> <span class='ocrx_word' id='word_1_336' title='bbox 1662 4434 1818 4511; x_wconf 90' lang='lat' dir='ltr'>secundi</span> <span class='ocrx_word' id='word_1_337' title='bbox 1842 4430 2026 4530; x_wconf 87' lang='lat' dir='ltr'>capitibus</span> 
     </span>
    </p>
   </div>
   <div class='ocr_carea' id='block_1_6' title="bbox 146 4682 2030 5322">
    <p class='ocr_par' dir='ltr' id='par_1_14' title="bbox 147 4682 2030 4839">
     <span class='ocr_line' id='line_1_36' title="bbox 296 4682 2030 4758; baseline 0 -21"><span class='ocrx_word' id='word_1_338' title='bbox 296 4682 320 4713; x_wconf 84' lang='lat'>²⁰</span> <span class='ocrx_word' id='word_1_339' title='bbox 337 4700 396 4739; x_wconf 80' lang='lat' dir='ltr'>rum</span> <span class='ocrx_word' id='word_1_340' title='bbox 415 4702 494 4741; x_wconf 85' lang='lat' dir='ltr'>uersu</span> <span class='ocrx_word' id='word_1_341' title='bbox 516 4688 567 4742; x_wconf 80' lang='lat' dir='ltr'>iae</span> <span class='ocrx_word' id='word_1_342' title='bbox 585 4694 715 4754; x_wconf 77' lang='lat' dir='ltr'>(Iliacam</span> <span class='ocrx_word' id='word_1_343' title='bbox 734 4696 856 4757; x_wconf 78' lang='lat' dir='ltr'>carmen)</span> <span class='ocrx_word' id='word_1_344' title='bbox 884 4696 993 4746; x_wconf 77' lang='lat' dir='ltr'>conteni</span> <span class='ocrx_word' id='word_1_345' title='bbox 1019 4703 1104 4758; x_wconf 80' lang='lat' dir='ltr'>potest</span> <span class='ocrx_word' id='word_1_346' title='bbox 1122 4696 1191 4757; x_wconf 83' lang='lat' dir='ltr'>quod</span> <span class='ocrx_word' id='word_1_347' title='bbox 1211 4695 1365 4749; x_wconf 78' lang='lat' dir='ltr'>Weiekerus</span> <span class='ocrx_word' id='word_1_348' title='bbox 1390 4694 1408 4741; x_wconf 94' lang='grc' dir='ltr'>Ι.</span> <span class='ocrx_word' id='word_1_349' title='bbox 1429 4693 1446 4742; x_wconf 90' lang='grc' dir='ltr'>Ι.</span> <span class='ocrx_word' id='word_1_350' title='bbox 1468 4688 1484 4740; x_wconf 77' lang='lat'>‘2</span> <span class='ocrx_word' id='word_1_351' title='bbox 1505 4706 1530 4754; x_wconf 84' lang='lat' dir='ltr'>p,</span> <span class='ocrx_word' id='word_1_352' title='bbox 1555 4685 1622 4741; x_wconf 81' lang='lat' dir='ltr'>iau</span> <span class='ocrx_word' id='word_1_353' title='bbox 1642 4690 1872 4748; x_wconf 63' lang='lat' dir='ltr'>absumpsere</span> <span class='ocrx_word' id='word_1_354' title='bbox 1891 4683 2030 4743; x_wconf 69' lang='lat' dir='ltr'>sinicius</span> 
     </span>
     <span class='ocr_line' id='line_1_37' title="bbox 147 4779 1056 4839; baseline 0.013 -15"><span class='ocrx_word' id='word_1_355' title='bbox 147 4781 247 4839; x_wconf 75' lang='lat' dir='ltr'>partem</span> <span class='ocrx_word' id='word_1_356' title='bbox 267 4779 455 4838; x_wconf 75' lang='lat' dir='ltr'>tragoediarum</span> <span class='ocrx_word' id='word_1_357' title='bbox 475 4781 650 4833; x_wconf 82' lang='lat' dir='ltr'>Romanarum</span> <span class='ocrx_word' id='word_1_358' title='bbox 670 4785 695 4833; x_wconf 90' lang='lat' dir='ltr'>in</span> <span class='ocrx_word' id='word_1_359' title='bbox 716 4784 811 4834; x_wconf 80' lang='lat' dir='ltr'>tabulis</span> <span class='ocrx_word' id='word_1_360' title='bbox 830 4785 928 4836; x_wconf 84' lang='lat' dir='ltr'>Troicis</span> <span class='ocrx_word' id='word_1_361' title='bbox 947 4789 1056 4836; x_wconf 85' lang='lat' dir='ltr'>uersari.</span> 
     </span>
    </p>

    <p class='ocr_par' dir='ltr' id='par_1_15' title="bbox 146 4868 2027 5221">
     <span class='ocr_line' id='line_1_38' title="bbox 296 4868 2026 4950; baseline -0.003 -23"><span class='ocrx_word' id='word_1_362' title='bbox 296 4871 318 4903; x_wconf 84' lang='lat'>²¹</span> <span class='ocrx_word' id='word_1_363' title='bbox 338 4879 406 4928; x_wconf 86' lang='lat' dir='ltr'>idem</span> <span class='ocrx_word' id='word_1_364' title='bbox 422 4881 454 4930; x_wconf 87' lang='lat' dir='ltr'>de</span> <span class='ocrx_word' id='word_1_365' title='bbox 470 4882 510 4931; x_wconf 82' lang='lat' dir='ltr'>tis</span> <span class='ocrx_word' id='word_1_366' title='bbox 522 4884 686 4934; x_wconf 75' lang='lat' dir='ltr'>sutucadum</span> <span class='ocrx_word' id='word_1_367' title='bbox 698 4887 816 4946; x_wconf 85' lang='lat' dir='ltr'>estquod</span> <span class='ocrx_word' id='word_1_368' title='bbox 826 4881 946 4950; x_wconf 81' lang='lat' dir='ltr'>u.9scq.</span> <span class='ocrx_word' id='word_1_369' title='bbox 968 4887 1089 4937; x_wconf 79' lang='lat' dir='ltr'>Horatius</span> <span class='ocrx_word' id='word_1_370' title='bbox 1109 4889 1219 4938; x_wconf 83' lang='lat' dir='ltr'>tortasse</span> <span class='ocrx_word' id='word_1_371' title='bbox 1238 4887 1335 4950; x_wconf 79' lang='lat' dir='ltr'>Diphili</span> <span class='ocrx_word' id='word_1_372' title='bbox 1355 4896 1449 4935; x_wconf 84' lang='lat' dir='ltr'>uersus</span> <span class='ocrx_word' id='word_1_373' title='bbox 1468 4884 1573 4945; x_wconf 84' lang='lat' dir='ltr'>respicit</span> <span class='ocrx_word' id='word_1_374' title='bbox 1591 4883 1624 4931; x_wconf 75' lang='lat' dir='ltr'>ab</span> <span class='ocrx_word' id='word_1_375' title='bbox 1635 4880 1770 4931; x_wconf 70' lang='lat' dir='ltr'>athenaeo</span> <span class='ocrx_word' id='word_1_376' title='bbox 1779 4870 1806 4935; x_wconf 85' lang='grc'>6,</span> <span class='ocrx_word' id='word_1_377' title='bbox 1816 4868 1890 4925; x_wconf 67' lang='lat'>‘2:³3⁶</span> <span class='ocrx_word' id='word_1_378' title='bbox 1907 4877 2026 4924; x_wconf 75' lang='lat' dir='ltr'>seruatos</span> 
     </span>
     <span class='ocr_line' id='line_1_39' title="bbox 147 4962 2027 5045; baseline -0.002 -21"><span class='ocrx_word' id='word_1_379' title='bbox 147 4962 185 5024; x_wconf 65' lang='lat' dir='ltr'>sit</span> <span class='ocrx_word' id='word_1_380' title='bbox 203 4967 231 5017; x_wconf 73' lang='lat' dir='ltr'>ol</span> <span class='ocrx_word' id='word_1_381' title='bbox 250 4968 397 5037; x_wconf 65' lang='lat' dir='ltr'>sperarat</span> <span class='ocrx_word' id='word_1_382' title='bbox 415 4986 513 5037; x_wconf 63' lang='grc' dir='ltr'><em>φασιν,</em></span> <span class='ocrx_word' id='word_1_383' title='bbox 535 4963 578 5029; x_wconf 79' lang='grc' dir='ltr'>οἷς</span> <span class='ocrx_word' id='word_1_384' title='bbox 596 4971 706 5032; x_wconf 72' lang='grc' dir='ltr'><strong><em>ἐξουσία</em></strong></span> <span class='ocrx_word' id='word_1_385' title='bbox 726 4971 821 5026; x_wconf 65' lang='lat' dir='ltr'>&#39;aava</span> <span class='ocrx_word' id='word_1_386' title='bbox 840 4975 937 5043; x_wconf 68' lang='grc' dir='ltr'>λέγειν</span> <span class='ocrx_word' id='word_1_387' title='bbox 957 4971 1068 5027; x_wconf 74' lang='grc' dir='ltr'><em>ἅπαντα</em></span> <span class='ocrx_word' id='word_1_388' title='bbox 1089 4976 1136 5026; x_wconf 75' lang='grc' dir='ltr'>καὶ</span> <span class='ocrx_word' id='word_1_389' title='bbox 1157 4978 1250 5026; x_wconf 61' lang='grc' dir='ltr'>ποιεῖν</span> <span class='ocrx_word' id='word_1_390' title='bbox 1267 4971 1376 5045; x_wconf 81' lang='grc' dir='ltr'><strong><em>μόνοις,</em></strong></span> <span class='ocrx_word' id='word_1_391' title='bbox 1397 4979 1423 5023; x_wconf 85' lang='lat' dir='ltr'>et</span> <span class='ocrx_word' id='word_1_392' title='bbox 1442 4987 1467 5024; x_wconf 88' lang='lat' dir='ltr'>u.</span> <span class='ocrx_word' id='word_1_393' title='bbox 1486 4969 1538 5025; x_wconf 76' lang='lat' dir='ltr'>aa</span> <span class='ocrx_word' id='word_1_394' title='bbox 1558 4985 1615 5034; x_wconf 76' lang='lat' dir='ltr'>seq.</span> <span class='ocrx_word' id='word_1_395' title='bbox 1636 4969 1759 5026; x_wconf 58' lang='lat' dir='ltr'>lustralis</span> <span class='ocrx_word' id='word_1_396' title='bbox 1777 4967 1874 5024; x_wconf 67' lang='lat' dir='ltr'>ditium</span> <span class='ocrx_word' id='word_1_397' title='bbox 1894 4964 2027 5028; x_wconf 54' lang='lat' dir='ltr'>(ivosium</span> 
     </span>
     <span class='ocr_line' id='line_1_40' title="bbox 146 5054 2024 5134; baseline -0.005 -24"><span class='ocrx_word' id='word_1_398' title='bbox 146 5060 263 5110; x_wconf 68' lang='lat' dir='ltr'>imitatur</span> <span class='ocrx_word' id='word_1_399' title='bbox 287 5057 317 5107; x_wconf 78' lang='lat' dir='ltr'>al</span> <span class='ocrx_word' id='word_1_400' title='bbox 336 5054 437 5111; x_wconf 65' lang='grc' dir='ltr'><em>ἀκόναι</em></span> <span class='ocrx_word' id='word_1_401' title='bbox 457 5057 538 5112; x_wconf 75' lang='lat' dir='ltr'>edrai</span> <span class='ocrx_word' id='word_1_402' title='bbox 556 5061 611 5132; x_wconf 70' lang='grc' dir='ltr'>μὶν</span> <span class='ocrx_word' id='word_1_403' title='bbox 632 5065 725 5130; x_wconf 64' lang='grc' dir='ltr'>τεμεῖν</span> <span class='ocrx_word' id='word_1_404' title='bbox 745 5061 777 5114; x_wconf 79' lang='grc' dir='ltr'>οὗ</span> <span class='ocrx_word' id='word_1_405' title='bbox 795 5062 947 5130; x_wconf 74' lang='grc' dir='ltr'><em>δύνανται,</em></span> <span class='ocrx_word' id='word_1_406' title='bbox 977 5061 1023 5116; x_wconf 69' lang='lat' dir='ltr'>nir</span> <span class='ocrx_word' id='word_1_407' title='bbox 1048 5065 1077 5116; x_wconf 73' lang='lat' dir='ltr'>dl</span> <span class='ocrx_word' id='word_1_408' title='bbox 1099 5065 1213 5134; x_wconf 75' lang='grc' dir='ltr'><em>σίδηρον</em></span> <span class='ocrx_word' id='word_1_409' title='bbox 1233 5061 1298 5124; x_wconf 75' lang='grc' dir='ltr'>ὀξέα</span> <span class='ocrx_word' id='word_1_410' title='bbox 1319 5063 1366 5115; x_wconf 70' lang='grc' dir='ltr'>καὶ</span> <span class='ocrx_word' id='word_1_411' title='bbox 1387 5056 1521 5132; x_wconf 72' lang='grc' dir='ltr'>τμητικὸν</span> <span class='ocrx_word' id='word_1_412' title='bbox 1542 5065 1671 5112; x_wconf 74' lang='grc' dir='ltr'>ποιοῦσιν</span> <span class='ocrx_word' id='word_1_413' title='bbox 1689 5055 1797 5122; x_wconf 63' lang='lat' dir='ltr'>(stimi</span> <span class='ocrx_word' id='word_1_414' title='bbox 1817 5059 1886 5108; x_wconf 75' lang='lat' dir='ltr'>uitae</span> <span class='ocrx_word' id='word_1_415' title='bbox 1904 5056 1930 5106; x_wconf 79' lang='lat'>1</span> <span class='ocrx_word' id='word_1_416' title='bbox 1948 5058 2024 5105; x_wconf 71' lang='lat' dir='ltr'>oreti.</span> 
     </span>
     <span class='ocr_line' id='line_1_41' title="bbox 146 5148 292 5221; baseline 0.021 -18"><span class='ocrx_word' id='word_1_417' title='bbox 146 5167 172 5217; x_wconf 54' lang='lat' dir='ltr'>p&gt;</span> <span class='ocrx_word' id='word_1_418' title='bbox 192 5148 292 5221; x_wconf 74' lang='lat'><strong>83⁸0).</strong></span> 
     </span>
    </p>

    <p class='ocr_par' dir='ltr' id='par_1_16' title="bbox 296 5250 1463 5322">
     <span class='ocr_line' id='line_1_42' title="bbox 296 5250 1463 5322; baseline -0.003 -16"><span class='ocrx_word' id='word_1_419' title='bbox 296 5250 320 5280; x_wconf 81' lang='lat'>²²</span> <span class='ocrx_word' id='word_1_420' title='bbox 337 5258 402 5306; x_wconf 74' lang='lat' dir='ltr'>teter</span> <span class='ocrx_word' id='word_1_421' title='bbox 420 5258 464 5308; x_wconf 77' lang='lat' dir='ltr'>dte</span> <span class='ocrx_word' id='word_1_422' title='bbox 480 5257 665 5322; x_wconf 66' lang='lat' dir='ltr'>griechischen</span> <span class='ocrx_word' id='word_1_423' title='bbox 678 5255 789 5308; x_wconf 76' lang='lat' dir='ltr'>Studien</span> <span class='ocrx_word' id='word_1_424' title='bbox 807 5260 851 5309; x_wconf 76' lang='lat' dir='ltr'>du</span> <span class='ocrx_word' id='word_1_425' title='bbox 871 5262 974 5311; x_wconf 71' lang='lat' dir='ltr'>Horas.</span> <span class='ocrx_word' id='word_1_426' title='bbox 1013 5254 1039 5308; x_wconf 69' lang='lat' dir='ltr'>l.</span> <span class='ocrx_word' id='word_1_427' title='bbox 1060 5259 1150 5322; x_wconf 70' lang='lat' dir='ltr'>aaa,</span> <span class='ocrx_word' id='word_1_428' title='bbox 1170 5257 1254 5308; x_wconf 72' lang='lat' dir='ltr'>liniae</span> <span class='ocrx_word' id='word_1_429' title='bbox 1277 5251 1355 5320; x_wconf 76' lang='grc'><strong>1856,</strong></span> <span class='ocrx_word' id='word_1_430' title='bbox 1376 5268 1401 5317; x_wconf 78' lang='lat' dir='ltr'>p.</span> <span class='ocrx_word' id='word_1_431' title='bbox 1419 5250 1463 5304; x_wconf 78' lang='lat'>8⁰.</span> 
     </span>
    </p>
   </div>
   <div class='ocr_carea' id='block_1_7' title="bbox 0 0 2182 5722">
    <p class='ocr_par' dir='ltr' id='par_1_17' title="bbox 0 0 2182 5722">
     <span class='ocr_line' id='line_1_43' title="bbox 0 0 2182 5722; baseline 0 0"><span class='ocrx_word' id='word_1_432' title='bbox 0 0 2182 5722; x_wconf 95' lang='lat' dir='ltr'> </span> 
     </span>
    </p>
   </div>
  </div>
 </body>
</html>
