4342 5722
119 1407 279 1550 Quinti
301 1465 449 1540 Horatii
470 1464 593 1539 Flacci
616 1467 663 1540 de
692 1481 769 1542 arte
796 1469 945 1565 poetica
970 1469 1096 1542 libro¹
1127 1470 1193 1542 uix
1213 1471 1329 1543 ullum
1352 1482 1456 1544 extat
1477 1472 1707 1568 antiquitatis
1728 1485 2016 1547 monumentum

116 1593 217 1692 quod
244 1595 407 1669 maiores
435 1595 602 1668 uirorum
630 1595 827 1670 doctorum
855 1597 985 1670 turbas
1014 1597 1235 1672 excitauerit
1262 1610 1372 1696 atque
1401 1598 1448 1672 de
1476 1623 1550 1696 quo
1579 1600 1704 1697 plures
1727 1624 1865 1696 eaeque
1892 1598 2016 1673 diuer-

114 1723 285 1796 sissimas
313 1723 520 1796 sententiae
548 1724 716 1821 prolatae
744 1724 862 1797 sintss.
923 1724 960 1796 id
988 1737 1114 1797 tamen
1148 1724 1260 1799 hodie
1294 1738 1443 1800 constat
1468 1726 1616 1800 Horatii
1649 1752 1785 1824 poema
1817 1753 1895 1800 non
1931 1751 2014 1802 esse

113 1852 329 1949 congeriem
364 1851 596 1949 singulorum
630 1865 918 1950 praeceptorum
954 1853 1052 1926 inter
1086 1878 1126 1926 se
1160 1853 1314 1926 minime
1350 1855 1637 1928 coniunctorum
1678 1856 1787 1952 (quae
1825 1856 2013 1929 sententia

115 1980 164 2052 ab
191 1979 297 2052 initio
326 1977 425 2077 apud
452 1977 585 2053 doctos
616 1980 793 2075 obtinuit)
834 2005 954 2077 neque
988 1980 1111 2052 minus
1143 1993 1286 2053 certum
1320 1994 1377 2054 est
1410 1982 1546 2055 librum
1572 1982 1677 2054 illum
1711 2007 1789 2054 non
1823 2008 1905 2055 csse
1932 2009 2016 2081 per-

112 2107 252 2181 fectam
280 2108 526 2204 omnibusque
553 2108 719 2180 numeris
746 2108 957 2182 absolutam
985 2119 1114 2198 artem,
1148 2107 1185 2179 id
1213 2107 1313 2206 quod
1346 2134 1422 2180 nou
1450 2109 1558 2205 pauci
1587 2109 1639 2182 ita
1666 2109 1814 2182 efficere
1844 2110 1914 2182 sibi
1943 2110 2014 2184 uisi

112 2247 203 2309 sunt
228 2247 270 2310 ut
301 2235 473 2309 uersibus
507 2235 798 2333 transponendis
833 2235 1082 2332 eiciendisque
1116 2261 1258 2309 nouum
1294 2234 1463 2307 ordinem
1498 2237 1781 2309 constituerent.
1844 2263 1916 2335 qua
1952 2238 2016 2311 uia

114 2380 204 2462 post
229 2364 437 2437 Antonium
466 2361 737 2455 Riccobonum,
777 2361 974 2436 Danielem
1000 2362 1208 2454 Heinsium,
1243 2362 1475 2435 Ludouicum
1503 2362 1756 2461 Desprezium,
1790 2362 2011 2459 Petrinium,

117 2491 389 2567 Βοιι1ιὶειὶιιιιι3
419 2504 549 2565 nostra
574 2492 757 2564 memoria
784 2490 858 2564 duo
882 2489 1013 2564 Bataui
1040 2490 1198 2588 ingressi
1226 2502 1323 2582 sunt,
1350 2516 1507 2588 quorum
1531 2492 1625 2564 alter
1645 2489 1926 2589 Peerlkampus‚
1955 2494 2014 2567 uir

116 2622 289 2720 egregius
325 2631 362 2694 et
399 2620 445 2693 de
480 2618 627 2692 Horatii
660 2619 887 2692 carminibus
922 2620 1062 2716 optime
1089 2620 1255 2710 meritus
1295 2644 1372 2690 non
1412 2618 1492 2691 sine
1532 2643 1668 2716 magna
1707 2618 1833 2691 iudicii
1859 2620 2013 2695 leuitate

114 2747 184 2821 bae
212 2748 361 2846 quidem
389 2749 494 2821 inre
523 2747 647 2819 officio
676 2772 743 2819 suo
771 2747 920 2820 functus
948 2759 1015 2838 est,
1057 2748 1150 2819 alter
1176 2746 1202 2818 l.
1233 2743 1276 2820 G.
1304 2744 1466 2836 Ottema‚
1510 2746 1599 2819 dum
1644 2759 1784 2820 certam
1821 2748 2012 2846 quandam

112 2876 482 2974 transponendorum
508 2900 686 2948 uersuum
712 2900 884 2946 normam
912 2876 1016 2971 sequi
1044 2876 1114 2948 sibi
1142 2875 1301 2965 uidetur,
1338 2887 1375 2946 et
1402 2874 1471 2946 bae
1498 2876 1535 2946 in
1572 2900 1612 2947 re
1641 2875 1814 2947 sibinen
1843 2875 2013 2950 constitit

116 3016 155 3079 et
186 3006 340 3079 omnino
382 3030 528 3078 summa
569 3003 779 3076 temeritate
813 3028 852 3074 se
888 3028 965 3074 non
1002 3003 1223 3076 abstinuit4.
1277 3002 1335 3074 his
1368 3000 1527 3099 denique
1569 3028 1689 3099 paene
1729 3001 2013 3099 desperantium

269 3256 370 3310 'hodie
395 3259 501 3318 quidem
528 3258 646 3321 plerique
666 3257 715 3306 ulrl
734 3256 803 3306 docti
823 3257 891 3306 nnnc
911 3257 1005 3306 librum
1025 3257 1164 3318 epistulam
1185 3255 1216 3306 sd
1235 3256 1345 3305 Pisones
1364 3256 1517 3307 inscribunt.
1574 3263 1601 3307 at
1620 3269 1678 3307 cnm
1698 3257 1835 3306 Horatium
1855 3261 1947 3306 neutra
1966 3257 2014 3306 in-

115 3352 257 3413 scriptione
276 3363 353 3400 nsum
372 3360 432 3400 esse
452 3349 584 3411 probabile
604 3350 652 3413 sit,
682 3348 758 3397 nobis
784 3352 873 3396 tamen
893 3359 923 3396 ea
942 3360 1008 3408 opus
1028 3348 1063 3395 sit
1082 3352 1110 3396 ιιι
1129 3347 1244 3395 breuiter
1263 3346 1328 3394 itanc
1348 3346 1464 3408 eclogam
1483 3347 1597 3397 indicare
1617 3347 1750 3409 possimus
1770 3346 1866 3409 (qnam
1886 3347 1930 3406 nni
1952 3346 2012 3399 iibri

113 3442 222 3492 secundi
241 3441 380 3503 epistulam
400 3441 504 3489 tertiam
524 3444 689 3502 nuncupant,
717 3451 769 3487 non
790 3437 942 3486 meminisse
970 3436 1091 3486 uidentur
1115 3448 1172 3485 enm
1197 3437 1223 3484 in
1248 3436 1380 3485 codicibus
1405 3437 1608 3498 manuscriptis
1636 3437 1821 3496 ueteribusque
1851 3437 2009 3489 editionibus

114 3538 263 3594 enecante
281 3531 423 3580 ilenricnm
444 3529 605 3591 Stephanum
626 3529 777 3590 prodierunt
795 3527 827 3575 ab
847 3527 966 3588 epistulis
986 3538 1093 3587 prorsus
1112 3524 1221 3587 diuelli),
1248 3537 1299 3573 non
1327 3537 1424 3574 nouum
1443 3526 1558 3586 aliquem
1578 3526 1681 3575 titulum
1702 3525 1840 3590 fingemus,
1860 3526 1907 3575 sed
1927 3537 2008 3587 prae-

113 3623 195 3673 stabit
214 3634 245 3671 eo
264 3622 301 3670 nti
320 3632 398 3681 quern
419 3621 477 3670 libri
497 3620 685 3680 manuscripti
706 3619 839 3680 praebent.
885 3630 946 3667 nam
966 3617 992 3666 iu
1013 3615 1119 3676 Crnnuii
1139 3616 1271 3665 codicibus
1290 3616 1406 3677 eclogam
1426 3615 1458 3677 Q.
1480 3615 1682 3687 Horatii'l'iacci
1701 3616 1734 3666 de
1753 3621 1809 3665 arte
1829 3616 1929 3677 poetica
1949 3616 2010 3668 iibri

112 3715 220 3764 nornine
239 3713 391 3774 inscriptam
411 3711 493 3760 inisse
512 3715 581 3759 certe
601 3710 656 3759 neri
675 3709 761 3758 simile
780 3708 809 3756 iit
828 3719 858 3755 er
878 3707 948 3756 illius
967 3708 1054 3757 uerbis
1076 3721 1100 3768 p.
1123 3701 1196 3755 309³
1203 3722 1211 3767 3
1241 3719 1287 3768 pro
1307 3711 1377 3755 certo
1403 3709 1451 3758 hoc
1470 3708 1608 3758 adfirmare
1627 3720 1734 3770 possum
1750 3709 1783 3757 dc
1802 3709 1901 3768 optimo
1921 3707 2012 3758 codice

113 3802 278 3866 Graeciano,
298 3801 372 3851 cuins
391 3802 568 3863 apographum
588 3811 602 3848 a
622 3800 685 3849 luno
705 3798 867 3847 Broulhnsio
887 3798 1086 3858 diligentissime
1106 3798 1202 3847 lactum
1218 3809 1299 3858 penes
1314 3797 1438 3849 Hessinm
1448 3797 1694 3860 liudolstadensem,
1715 3797 1800 3846 uirum
1817 3797 2009 3860 doctissimum,

113 3900 156 3944 est
174 3894 209 3943 cl.
229 3891 385 3956 obbertum,
406 3891 560 3953 zeitschrift
575 3891 621 3953 {tir
640 3890 684 3938 dte
702 3888 1050 3953 Altertlmmawt'aaemctnfl
1072 3885 1140 3938 1810
1159 3903 1184 3938 n.
1205 3885 1231 3937 6.
1242 3883 1268 3938 7.

265 4005 356 4060 ²oiim
381 4010 534 4059 credebatur
559 4009 610 4057 inm
631 4007 662 4069 Q.
683 4007 835 4057 Terentium
856 4007 982 4055 Scaurum
1008 4007 1253 4056 commentariorum
1279 4005 1305 4054 in
1331 4005 1398 4053 lianc
1417 3984 1555 4065 epistdlam
1577 4004 1656 4052 libros
1676 4004 1812 4053 minimum
1833 4005 1923 4053 decem
1943 4017 2010 4055 con-

112 4102 264 4164 scripsisse.
319 4100 352 4149 de
371 4111 422 4160 qua
443 4111 471 4148 re
490 4104 629 4160 postquam
649 4098 749 4159 primus
768 4096 897 4146 dubitauit
916 4095 1128 4157 Escbenburgins
1158 4097 1201 4156 (in
1229 4095 1350 4144 editionis
1375 4064 1523 4145 llnrdianbe
1548 4093 1719 4155 epistularum
1744 4094 1775 4142 ad
1797 4093 1905 4143 Pisones
1930 4096 2010 4147 etad

113 4191 265 4254 angustum
292 4189 505 4251 interpretatione
535 4188 690 4237 Germanica
721 4183 729 4235 Ι
754 4201 778 4248 p.
800 4182 852 4235 sit
873 4185 953 4249 sen),
984 4187 1050 4235 bene
1078 4199 1161 4248 nuper
1188 4186 1257 4234 bunc
1284 4197 1399 4233 errorem
1430 4186 1540 4246 crpiosit
1569 4183 1599 4234 G.
1629 4183 1810 4244 nernnrrdms
1846 4183 1878 4231 de
1906 4183 2009 4235 lloratil

113 4283 225 4346 epistola
246 4280 279 4330 ad
298 4281 418 4340 Pisones,
437 4278 520 4327 lisiae
544 4273 621 4340 1817,
643 4291 666 4339 p.
687 4277 713 4326 ι.
771 4278 870 4327 scilicet
897 4278 965 4339 apud
986 4276 1132 4327 Charisinm
1151 4290 1176 4339 p.
1203 4272 1252 4325 tea
1279 4276 1308 4325 P.
1330 4277 1423 4337 iegitur
1450 4277 1638 4340 ‚impariter
1666 4275 1789 4325 lloratins
1808 4275 2007 4341 [epistolarum

112 4373 275 4424 narsibns
293 4370 467 4431 impariter
486 4369 633 4429 iunctis;
654 4368 697 4418 ubl
717 4367 749 4429 Q.
771 4370 910 4419 Terentius
931 4368 1044 4418 Scaurus
1063 4369 1089 4416 in
1110 4367 1304 4417 commentariis
1323 4367 1349 4415 in
1366 4364 1902 4429 artempoeticamiibroXaduerbinm
1921 4366 2008 4426 innuit

112 4459 302 4525 liguranlt‘.
354 4461 401 4511 sed
421 4461 489 4510 idern
510 4457 644 4508 Charisius
663 4472 690 4519 p.
713 4454 764 4507 188
783 4459 810 4507 P.
832 4459 992 4508 bacchabet
1020 4459 1160 4524 ,primns
1180 4457 1275 4518 proin
1297 4456 1426 4519 primis,
1456 4461 1486 4505 nt
1510 4456 1605 4506 Maro:
1643 4454 1763 4504 Troiae
1791 4454 1848 4517 qut
1877 4455 2008 4517 primns

113 4555 153 4604 ab
171 4553 260 4617 oris3
289 4551 333 4601 nbi
353 4551 386 4613 Q.
407 4551 546 4600 Terentius
566 4548 680 4598 Scaurus
699 4551 894 4598 commentariis
912 4550 939 4598 in
960 4555 1042 4599 artem
1063 4549 1189 4610 poeticam
1210 4546 1318 4596 libro!
1347 4560 1408 4595 non
1434 4548 1489 4608 qui
1508 4551 1586 4595 ante
1605 4557 1718 4595 omnes
1741 4546 1826 4605 innuit
1853 4545 2009 4595 sedante

113 4656 207 4706 nuent
228 4652 322 4692 nemo
342 4639 416 4691 est‘.
474 4641 567 4691 deinde
592 4641 657 4688 baec
681 4650 696 4687 e
719 4640 842 4700 peculiari
867 4639 954 4700 aliquo
979 4639 1076 4700 scripto
1095 4638 1263 4699 grammatico
1289 4649 1373 4698 neque
1392 4648 1454 4685 nero
1474 4635 1695 4699 eucommentario
1715 4635 1852 4695 desumpta
1872 4646 1932 4684 esse
1951 4635 2008 4686 nbi

112 4735 256 4800 particniae
275 4747 341 4784 usna
359 4735 443 4799 dccet,
464 4745 542 4793 nuem
562 4733 660 4795 optime
679 4730 828 4780 inlustranit
846 4731 888 4779 Fr.
909 4728 1067 4778 iiitscbelius
1086 4739 1211 4790 parergon
1230 4727 1409 4776 Plautinornm
1429 4727 1697 4788 Terentianorumqne
1716 4726 1758 4775 noi
1786 4722 1794 4774 Ι
1820 4740 1844 4787 p.
1862 4721 1916 4775 36⁸1
1930 4738 2007 4789 seqq.

264 4846 423 4915 'aquibus
443 4863 509 4912 quae
528 4851 611 4900 iactae
632 4854 693 4898 sunt
712 4848 929 4909 transpositiones
955 4847 983 4894 P.
1004 4845 1135 4895 lloimann
1155 4845 1342 4905 Peerlkampus
1372 4844 1421 4907 (Q.
1445 4844 1545 4894 Horatii
1574 4846 1658 4894 flacci
1688 4843 1797 4907 epistola
1826 4843 1858 4893 ad
1885 4843 2007 4894 Pisones.

112 4941 210 4992 leidae
234 4939 315 5004 1815)
335 4948 461 4990 recenset.
519 4946 633 4990 ceterum
654 4939 721 4988 male
742 4939 898 4989 Strenbcrns
919 4941 974 4988 loco
994 4951 1052 4986 ntor
1077 4938 1206 4986 laudando
1234 4951 1257 4998 p.
1280 4932 1314 4984 ‘it
1343 4936 1491 4987 Benticinm
1520 4949 1623 4998 qnoque
1652 4937 1721 4985 inter
1748 4936 1840 4985 borum
1869 4947 2007 4986 numerum

112 5032 223 5096 rettulit,
243 5032 288 5093 nui
308 5033 374 5081 dnos
393 5043 487 5081 uersus
505 5027 560 5091 (15.
581 5027 639 5093 ab.)
658 5030 750 5079 sedem
770 5037 870 5079 mutare
889 5031 967 5079 iussit
986 5030 1065 5090 idque
1084 5028 1152 5078 haud
1172 5028 1251 5077 dubie
1270 5033 1350 5076 recte.

264 5145 498 5210 ‘Peerlkampiani
519 5148 577 5197 iibri
598 5148 686 5209 paucis
706 5160 844 5197 censuram
865 5149 1045 5209 Bernhardrus
1065 5149 1117 5208 egit
1136 5147 1152 5196 1.
1174 5146 1191 5194 Ι.
1212 5159 1238 5208 p.
1264 5143 1295 5196 ts
1314 5156 1410 5207 senn.;
1439 5144 1550 5194 aiterum
1571 5143 1623 5200 (rui
1644 5140 1735 5191 titulus
1755 5146 1813 5189 est:
1853 5139 1884 5201 Q.
1905 5140 2007 5193 iioratli

112 5237 197 5289 Flacci
224 5239 334 5300 epistole
365 5239 397 5289 ad
423 5238 542 5287 Pisones.
591 5238 720 5300 disposuit
739 5239 759 5288 1.
781 5238 812 5289 G.
833 5238 947 5288 Ottema.
986 5238 1145 5289 Leouardiae
1168 5231 1249 5300 18411)
1277 5246 1404 5297 cognosse
1424 5246 1474 5284 non
1495 5234 1607 5282 uidetur.
1664 5229 1757 5280 diuidit
1784 5236 1872 5280 antem
1900 5229 2008 5282 Ottema
