4342 5722
1060 136 1113 214 lt·

136 368 312 467 arposita
336 380 442 460 serat,
479 368 519 442 id
554 368 655 466 quod
686 368 777 443 mihi
812 367 962 467 quidem
993 367 1235 442 subtilissima
1261 378 1298 442 et
1324 367 1561 441 exactissima
1588 365 1790 444 Steinharti
1818 368 2019 467 disputatio

87 592 91 599 Ι
133 496 190 596 (p.
220 496 386 594 21-24)
411 498 607 594 persuasit,
632 522 710 571 non
737 497 987 597 eloquentiam
1004 497 1170 595 ,eiusque
1197 522 1291 594 quae
1317 507 1407 570 tune
1436 507 1516 570 erat
1543 496 1802 572 condicionem
1830 524 2018 573 summum

133 649 226 698 esse
250 623 391 722 dialogi
417 635 677 722 argumentum
712 635 834 724 patet,
875 625 1000 722 itaque
1038 635 1119 699 tota
1151 626 1215 699 illa
1241 622 1442 700 Schreiteri
1467 626 1635 725 Astiique
1660 627 1937 726 argumentatio
1971 627 2020 702 ab
2120 663 2126 673 ·

132 753 218 828 nne-
239 776 396 851 quoqae:
414 765 520 850 parte
546 753 695 827 corruit.
1332 761 1341 778 '

300 879 475 954 alterum·
498 880 633 955 deinde
657 881 758 980 quod
786 881 932 955 Astium
960 882 1132 956 statuisse
1160 878 1383 956 Streuberus
1410 883 1467 981 (p.
1495 885 1553 956 60.
1581 883 1626 956 62
1655 886 1746 981 seq.)
1773 882 1876 978 dicit,
1902 880 2020 959 Phae·

139 1009 252 1084 &mn
277 1009 399 1107 ipsum
426 1034 511 1082 cum
532 1008 680 1084 Pisonis
706 1010 784 1083 filio
814 1022 898 1108 apte
926 1010 1120 1109 conparari
1147 1034 1270 1108 posse,
1298 1008 1401 1084 id³-in
1414 1011 1510 1084 Astii
1537 1010 1632 1084 libro
1661 1010 1832 1110 equidem
1852 1014 2021 1110 quamuis
2058 1057 2063 1067 ·

138 1138 340 1238 diligenter
365 1139 611 1236 quaesiuerinr
638 1164 822 1236 nusquam
855 1139 1001 1212 inueni:
1025 1135 1155 1213 'immo
1187 1164 1224 1238 p.
1261 1141 1330 1212 149
1365 1139 1493 1213 Astius
1536 1140 1674 1213 conicit
1712 1124 1910 1214 Platonem
1952 1141 2021 1215 sub

133 1266 305 1341 Phaedri
329 1291 491 1364 persona
515 1268 630 1342 falsos
658 1292 810 1365 carpere
837 1268 1111 1361 adsentatores,
1148 1266 1315 1341 eiusdem
1349 1267 1433 1343 illos
1460 1268 1608 1368 generis
1636 1278 1745 1365 atque
1772 1293 1795 1341 a
1821 1270 1954 1366 quibus
1980 1248 2031 1344 ut

133 1394 234 1471 Piso
258 1407 395 1470 caueat·
415 1384 593 1470 Horatius
623 1408 774 1469 moneat
808 1423 843 1469 u.
873 1398 944 1469 419
982 1423 1080 1494 seqq.
1145 1396 1237 1469 illud
1277 1398 1399 1497 igitur,
1439 1408 1481 1471 ut
1516 1409 1610 1472 ’sane
1645 1396 1918 1472 subabsurdum
1955 1410 2022 1491 est,

134 1526 317 1600 inmerito
344 1522 569 1598 Streuberus
595 1524 702 1598 Aetio
731 1524 943 1621 exprobrat.

247 1716 251 1725 .
299 1652 429 1752 Itaque
457 1653 529 1725 hoc
556 1652 924 1728 constat·Horatium
951 1665 1068 1726 totam
1097 1654 1276 1750 epistulae
1304 1655 1489 1728 rationem
1523 1651 1726 1729 ePlatone
1759 1680 1837 1729 non
1873 1639 2023 1754 expres·

137 1782 248 1856 sisse.
312 1781 387 1855 sed*
415 1806 505 1854 num
533 1781 617 1855 ideo
645 1778 847 1855 Streubero
888 1780 1195 1878 adstipulabimur
1234 1783 1296 1880 qui
1333 1809 1367 1880 p.
1397 1786 1443 1857 63
1484 1809 1614 1855 omnes
1655 1808 1797 1858 errasse
1839 1783 2024 1878 adfirmat,

141 1911 220 2008 ,qui
248 1910 533 1984 stulte-Aetium
562 1912 679 1985 secuti
704 1908 902 1983 Horatium
929 1906 1096 1983 Platonis
1133 1910 1279 2009 singula
1312 1912 1429 1984 uerba
1454 1911 1576 1984 flexus
1604 1914 1878 2010 sententiasque
1906 1913 2024 1986 imita-

137 2051 225 2114 tum
250 2064 332 2114 esse
360 2037 687 2137 dixerirrt‘?··quod
714 2063 802 2112 sane
831 2039 883 2112 eis
909 2065 987 2112 non
1014 2018 1262 2138 conprobauit
1288 2067 1380 2139 quae
1409 2040 1543 2113 deinde
1565 2039 1611 2113 de
1633 2040 1838 2114 imitatione
1853 2055 2023 2115 ueterum

139 2179 182 2242 et
205 2168 370 2242 maxime
395 2166 543 2241 Horatii
569 2168 720 2274 copiose
748 2169 930 2265 exposuit.
996 2169 1083 2266 quin
1124 2194 1214 2242 uero
1251 2170 1380 2268 aliquis
1402 2170 1553 2268 ‘singula
1587 2168 1722 2241 imitari
1750 2179 1875 2267 potest
1902 2183 1939 2243 et
1974 2194 2023 2243 ex

136 2294 485 2394 libro‘depromere
513 2308 623 2393 quem
658 2297 874 2370 uniuersum
913 2323 990 2371 non
1030 2297 1235 2395 sequatur?
1286 2324 1406 2396 neque
1446 2298 1599 2396 negauit
1638 2294 1860 2371 Streuberus
1900 2324 2022 2395 neque

136 2425 273 2524 negari
299 2437 423 2522 potest
449 2423 646 2498 Horatium
675 2424 798 2516 ,doeti‘
824 2423 993 2504 Platonis
1020 2427 1157 2524 scripta
1181 2427 1368 2501 lectitasse
1398 2429 1510 2523 (conf.
1538 2438 1605 2500 sat.
1633 2428 1812 2520 2,3,11),
1841 2452 1860 2498 e
1889 2427 2023 2525 quibus

142 2555 276 2629 studiis
308 2556 370 2653 qui
396 2556 539 2628 fructus
564 2553 859 2627 redundauerint
890 2562 931 2627 'ct
964 2555 1187 2653 interpretes
1215 2556 1354 2654 passim
1379 2566 1608 2628 monuerunt
1634 2566 1670 2626 et
1696 2554 1886 2629 Arnoldus
1926 2556 1972 2653 (l.
1999 2555 2024 2628 l.

144 2706 184 2781 p.
212 2685 259 2756 28
283 2682 400 2781 seqq.)
436 2683 618 2783 exposuit,
652 2683 763 2756 nimis
790 2681 939 2781 quidem
967 2685 1076 2756 anxie
1103 2684 1163 2757 hic
1190 2682 1367 2788 quidquid
1395 2684 1554 2782 aliquam
1581 2669 1831 2758 similitudinis
1857 2685 2021 2782 speciem

139 2810 322 2909 praebere
349 2812 548 2885 uidebatur
575 2813 621 2885 ab
648 2811 855 2885 imitatione
882 2824 1072 2909 repetens,
1113 2813 1216 2885 uelut
1255 2839 1338 2886 cum
1378 2814 1549 2887 uersibus
1589 2825 1655 2886 art.
1690 2825 1788 2910 poet.
1823 2815 2022 2887 396-400

140 2939 236 3014 haec
263 2940 478 3040 philosophi
505 2942 621 3013 uerba
648 2966 827 3038 expressa
853 2912 890 3014 et
916 2942 1113 3015 inlustrata
1138 2953 1245 3038 putat
1272 2954 1301 3012 ol
1326 2952 1447 3031 πινητοι·
1470 2945 1540 3029 ἡμῖν
1562 2941 1662 3032 ὥσπερ
1684 2942 1890 3032 esseest-'frte
1912 2952 2023 3024 σοφίας

139 3076 202 3139 εισι·
222 3079 276 3139 καὶ
296 3071 438 3157 ἡγεμόνες
466 3068 830 3168 (Lys.p.214⁸)⁴³.
883 3071 970 3168 quin
998 3072 1119 3167 ipsum
1146 3067 1358 3145 Phaedrum
1386 3072 1432 3144 ab
1459 3068 1616 3145 Horatio
1643 3096 1720 3144 non
1748 3069 1859 3143 modo
1881 3069 2022 3143 lectum

140 3195 210 3270 sed
237 3206 364 3294 aperte
394 3223 540 3295 quoque
567 3210 776 3296 respectum
804 3194 890 3270 esse'
914 3198 1085 3296 equidem
1113 3196 1341 3273 crediderim.
1394 3200 1564 3272 conferas
1600 3199 1698 3271 enirn
1726 3223 1863 3295 quaeso
1889 3222 2023 3271 uersus

141 3325 353 3418 eoa-311,
380 3352 472 3424 quos
500 3350 612 3423 supra
637 3327 709 3397 iam
738 3326 1046 3418 examinauimus,

462 3482 690 3555 scribendi
718 3494 851 3556 recte
881 3508 1011 3581 sapere
1041 3495 1099 3556 est
1125 3497 1169 3556 et
1194 3483 1481 3582 principium
1509 3496 1552 3558 et
1578 3484 1703 3557 fons:

459 3634 536 3681 rem
563 3610 631 3683 tibi
658 3607 869 3685 Socraticae
897 3623 1075 3709 poterunt
1103 3612 1299 3685 ostendere
1328 3612 1490 3706 chartae,

459 3739 647 3838 uerbaque
675 3741 919 3838 prouisam
947 3766 1043 3812 rem
1070 3767 1147 3813 non
1175 3740 1292 3813 inuita
1318 3753 1521 3838 sequentur

140 3910 228 3967 cum
253 3895 312 3970 his
337 3892 502 3968 Socratis
528 3896 654 3969 uerbis
679 3895 945 3994 initioprioris
974 3896 1154 3971 orationis
1179 3898 1310 3996 positis
1337 3899 1394 3995 (p.
1424 3899 1494 3970 237
1507 3901 1548 3991 s)
1576 3906 1645 3989 up·
1668 3900 1789 3977 παντός,
1818 3892 1930 3981 drot,
1953 3910 2019 3980 μιο

140 4015 249 4104 οἱρχῆ
269 4031 331 4095 τοῒς
354 4027 504 4093 μέλλουσι
528 4023 650 4095 καλῶς
670 4013 957 4103 βουλεύεσθαι·
995 4027 1140 4089 εἰδέναι
1172 4027 1220 4088 δεῖ
1243 4029 1312 4108 περὶ
1335 4013 1369 4088 οὗ
1388 4018 1425 4088 οἶν
1447 4013 1467 4114 ᾗ
1487 4022 1504 4106 ἡ
1525 4019 1623 4107 βουλή
1652 4019 1670 4108 ἢ
1695 4019 1807 4097 naaria
1834 4019 2021 4107 οἶμοιρτοένοιν

140 4127 270 4215 ἀνάγκη.
313 4129 381 4206 τούς
403 4136 435 4197 δὲ
455 4129 587 4205 πολλοὺς
607 4126 812 4215 ,λέληθεν-ὅτι
837 4131 889 4197 οὐκ
912 4137 993 4233 ἴσοισι
1016 4133 1069 4217 τήν
1091 4134 1191 4200 ονὀίαν
1211 4131 1352 4200 duriores.
1406 4135 1444 4208 uic
1466 4126 1515 4200 οὖν
1537 4132 1646 4207 εἰδότες
1669 4133 1702 4199 ον’
1723 4137 1964 4214 annotantem
1989 4140 2021 4198 ἐν

141 4239 302 4331 α’ρχῆνῆο
324 4248 488 4328 caedens„
506 4240 709 4327 προελθόντες
737 4247 768 4308 δὲ
797 4242 832 4308 το
863 4241 942 4315 elude
973 4242 1182 4311 irodrdo'xrrr·
1220 4243 1286 4310 οὔτε
1317 4242 1375 4328 peip
1405 4252 1524 4321 ἑαυτοῖς
1555 4244 1622 4312 οὔτε
1651 4243 1798 4329 aithalas
1826 4246 2021 4324 ὁμολογοῦσιν

142 4356 398 4453 (personae
426 4359 766 4432 conuenientia
794 4359 1001 4456 cuique),
1028 4385 1148 4458 neque
1176 4359 1393 4434 diffiteberis
1421 4361 1514 4433 haee
1541 4361 1630 4435 satis
1652 4373 1821 4435 accurate
1842 4384 2021 4458 expressa

144 4508 238 4561 οοιιο.
297 4510 419 4585 neque
454 4489 566 4588 igitur
592 4485 838 4561 dubitandum
863 4487 1012 4561 uidetur
1039 4489 1127 4586 quin
1155 4502 1304 4586 praeter
1328 4488 1618 4587 Xenophontem
1645 4490 1766 4587 (conf.
1793 4514 1826 4587 p.
1857 4489 1926 4588 10)
1954 4486 2019 4562 So·

143 4603 454 4691 craticis'chartis
482 4619 593 4690 etiam
619 4613 725 4688 Plato
754 4614 954 4708 indicetur,
989 4619 1208 4715 praesertim
1243 4619 1273 4692 si
1300 4613 1380 4692 aliis
1408 4644 1555 4715 quoque
1581 4616 1743 4691 Phaedri
1768 4618 1861 4690 locis
1889 4615 2019 4690 eadem

141 4742 322 4817 inculcari
347 4747 590 4846 reputauerls,
616 4744 720 4818 uelut
744 4768 780 4843 p.
808 4746 908 4818 259⁰
936 4744 982 4838 ἆρ’
1005 4744 1053 4820 οὖν
1075 4751 1135 4838 οὐχ
1158 4750 1310 4837 ὑπάρχειν
1333 4754 1458 4825 dalreis
1481 4742 1517 4817 εὖ
1537 4777 1572 4830 γε
1592 4755 1645 4818 καὶ
1673 4750 1774 4826 καλῶς
1800 4752 2019 4838 ῥηθησομένοις

296 5007 320 5038 ”
337 5012 503 5064 addehaec:
532 5014 617 5063 so-tst
634 5015 678 5063 dte
700 5014 877 5077 Veramttaaq
895 5014 1045 5078 Heindorfs
1061 5029 1093 5063 aa
1112 5006 1170 5064 'Sat
1189 5009 1216 5078 d,
1235 5008 1262 5077 8,
1282 5007 1309 5077 ⁷,
1337 5013 1400 5061 dass
1424 5014 1474 5064 der
1495 5027 1524 5064 νο
1543 5012 1926 5079 metaumaucensis
1946 5019 2020 5074 pater

146 5102 585 5168 summenspmapeaaus
604 5105 692 5156 uanos
710 5118 839 5169 pausam,
859 5118 920 5153 zuar
937 5105 1083 5156 οιοοάοοιον
1101 5111 1217 5169 parom,
1242 5098 1471 5169 detineam-sta
1488 5105 1576 5170 οἰοιιιι
1595 5103 1673 5154 asar
1690 5103 1735 5153 das
1754 5101 1882 5153 Seterrae
1896 5102 2021 5152 υπὸ-δον·

145 5191 376 5259 Micam
389 5195 464 5261 (dut,
489 5208 565 5244 wana
589 5208 619 5245 er
640 5196 882 5260 verutatas-atrei
899 5196 950 5245 mar
968 5197 1017 5247 dor
1032 5196 1253 5260 Aramnmtattoa
1271 5186 1401 5247 trihu
1421 5195 1511 5260 sm.
1530 5208 1560 5260 ρ.
1584 5188 1658 5246 tw
1691 5191 1795 5261 appear
1825 5191 1858 5244 θδ
1888 5191 2021 5259 Φαῖδρον

144 5286 270 5350 πρᾶτον,
289 5277 384 5346 luendi
403 5282 451 5333 aul
471 5287 581 5353 πρῶτος
600 5281 763 5339 κατάκειται
783 5291 834 5335 καί
852 5283 927 5336 ἔστιν
945 5281 1003 5355 ἅμα
1023 5279 1110 5353 πατὴρ
1130 5287 1179 5335 τοῦ
1197 5280 1291 5352 λόγον.

1557 5390 1603 5453 3.
