4342 5722
1072 78 1120 153 18
1136 139 1138 144 .

155 315 311 391 naturae
346 303 530 386 humanae
571 303 739 402 diligenti
780 304 1058 396 obseruatione,
1100 305 1209 387 unice
1248 304 1503 398 dariuandam,
1544 317 1585 380 ut
1621 303 1747 381 iudicii
1788 302 2045 390 seueritatem,

155 432 268 519 limae
295 432 537 515 subtilitatem
566 433 825 531 scribendique
854 459 981 508 curam
1006 434 1052 510 iis
1066 432 1279 531 imperaret
1312 434 1446 533 quibus
1487 432 1535 511 ad
1575 431 1841 531 acquirendam
1877 432 2044 509 nominis

150 560 475 645 immortalitatem
503 571 567 635 aut
591 561 720 658 populi
747 562 918 658 plausum
941 560 1167 659 captandum
1196 561 1285 637 satis
1313 561 1503 638 uideretur
1529 562 1714 659 periturae
1747 558 1905 651 illudere
1938 560 2043 641 char·

155 688 265 763 taei‘
329 688 428 772 idem
462 689 540 763 iere
566 689 702 770 Aetius
736 701 774 764 et
813 689 860 763 de
888 688 1033 765 Horatii
1073 690 1240 787 epistula
1258 693 1319 787 (p.
1348 689 1419 788 33)
1460 701 1497 762 et
1531 688 1582 783 de
1605 686 1778 762 Phaedro
1805 687 1859 785 (pe
1887 689 1949 763 35..
1969 689 2039 787 ta)

156 818 295 904 statuit
348 830 386 891 at
412 816 549 915 duplici
577 843 702 890 errore
729 818 822 893 haec
849 819 1122 917 argumentatio
1148 819 1288 896 nititur.
1336 842 1660 915 numquamquaru
1680 816 1901 914 negari-eon
1915 827 2037 914 potae

68 1041 72 1049 ¹
157 945 380 1044 quibusdam
403 945 498 1029 locis
523 944 722 1027 Horatium
755 947 963 1026 litterarum
1002 940 1063 1024 sui'
1096 948 1277 1046 temporis
1310 946 1571 1024 condicionem
1605 932 1795 1044 respicere
1834 955 2039 1042 poetasque

157 1075 329 1172 aequales
356 1099 518 1172 carpere,
545 1075 760 1173 primarium
790 1087 915 1153 tamen
943 1076 1125 1173 epistulae
1151 1076 1353 1152 consilium.
1375 1075 1476 1153 aliud
1503 1100 1585 1149 esse
1608 1099 1722 1171 supra
1743 1072 2042 1151 demonstratum

159 1215 225 1287 est.
291 1227 413 1299 neque
431 1232 433 1236 ’
448 1203 555 1276 aliter
581 1202 627 1283 de
654 1202 827 1284 Phaedro
854 1201 1050 1281 Platonico
1080 1204 1319 1282 statuendum
1358 1204 1515 1281 uidetur.
1578 1202 1679 1278 Astii
1713 1213 1816 1277 certe
1851 1200 2042 1280 sententia

154 1331 294 1424 ,omnia
319 1331 358 1409 iu
384 1342 464 1413 toto
491 1357 669 1410 sermone
692 1331 860 1413 Platonis
887 1333 1043 1430 consilio
1076 1333 1248 1410 rhetores
1279 1334 1337 1408 sui
1375 1334 1555 1431 temporis
1595 1329 1772 1428 carpendi
1810 1329 2039 1426 melioraque

156 1458 202 1533 de
232 1470 310 1540 arte
338 1458 526 1535 rhetorica
551 1473 752 1558 praecepta
777 1460 951 1552 tradendi
971 1462 1260 1551 ,accommodata
1287 1462 1452 1559 reperiri‘
1487 1467 1546 1559 (p.
1573 1463 1645 1558 40)
1662 1513 1666 1551 :
1680 1460 1804 1535 statim
1829 1459 1885 1535 eis
1911 1457 2040 1533 inirin-

157 1587 257 1686 gitur
284 1613 378 1684 quae
406 1593 486 1685 ipse
514 1591 675 1687 profert,
710 1589 799 1666 duru
839 1590 1049 1682 ,orationes
1081 1591 1165 1666 illas
1199 1591 1246 1665 de
1284 1616 1412 1667 amore
1448 1603 1516 1665 eet.
1568 1589 1718 1665 nonnisi
1753 1586 1921 1685 episodia
1954 1609 2039 1663 esse

156 1720 206 1812 (p.
234 1719 292 1788 37.
320 1719 377 1789 38.
405 1719 470 1809 41)
486 1719 528 1777 4²
559 1716 668 1799 haud.
686 1718 898 1795 necessaria
922 1720 969 1795 ad
992 1710 1175 1796 sermonis
1198 1720 1502 1823 constitutionem
1518 1720 1660 1817 (peu),
1689 1716 1901 1794 ornamenti
1925 1740 2040 1793 emisa

70 1847 77 1862 '
158 1837 351 1946 addita(p.
367 1847 442 1937 40)‘
469 1857 586 1942 putat,
615 1871 708 1946 quae
734 1847 896 1939 ‚ornatui
923 1848 1072 1948 quidem
1099 1849 1174 1923 sint
1200 1848 1366 1927 sermoni
1391 1859 1501 1947 atque
1528 1847 1666 1937 decori,
1694 1845 1761 1923 sed
1783 1857 1909 1921 tamen
1933 1856 2041 1918 extra

155 1996 234 2044 rem
263 1973 309 2045 de
337 1998 409 2070 qua
435 1973 556 2072 agitur
582 1974 686 2051 nullo
712 1974 826 2053 niodo
853 1975 1064 2073 putandae‘,
1101 1978 1226 2074 utique
1255 2003 1339 2050 curn
1366 1977 1525 2053 chorieis
1553 1974 1769 2053 comoediae
1797 1973 1935 2047 ueteris
1962 1997 2040 2049 car·

156 2100 319 2174 minibus
348 2102 608 2205 conparandae
637 2104 695 2202 (p.
722 2104 798 2199 41).
858 2107 962 2203 quasi
989 2131 1080 2182 uero
1107 2105 1199 2181 haec
1226 2117 1371 2183 tantum
1401 2115 1622 2182 ornamento
1650 2102 1854 2182 comoediis
1880 2101 2041 2177 fuissent

155 2254 276 2327 neque
304 2239 413 2326 quam
442 2231 624 2307 artissime
652 2258 737 2307 cum
764 2258 890 2314 earum
918 2245 1138 2334 argumento
1167 2246 1205 2307 et
1230 2234 1386 2312 consilio
1409 2233 1620 2332 coniuncta
1665 2232 1819 2309 omuino
1841 2231 1874 2304 si
1892 2241 2039 2305 rectum

155 2358 252 2430 Astii
280 2358 325 2430 de
352 2343 525 2457 Phaedro
553 2359 728 2433 iudicium
767 2373 883 2455 esset,
922 2363 982 2439 hic
1022 2362 1192 2462 dialogus
1225 2362 1388 2460 quodam
1419 2361 1535 2439 modo
1569 2361 1776 2460 perfectum
1808 2360 1897 2434 artis
1931 2383 2038 2456 opus,

157 2485 263 2582 quale
291 2487 459 2583 prosecta
488 2475 554 2580 est,
582 2489 712 2563 haberi
737 2516 815 2565 non
842 2505 981 2591 posset,
1008 2492 1184 2588 quoniam
1210 2517 1288 2570 non
1317 2491 1474 2589 simplex
1502 2502 1539 2563 et
1565 2515 1661 2565 uuus
1683 2498 1791 2565 esset.
1834 2487 1905 2565 alii
1924 2487 2040 2585 igitur

155 2613 194 2690 in
222 2614 443 2714 explicando
471 2642 598 2692 amore
625 2599 704 2692 siue
730 2619 905 2716 pulchro,
946 2621 1008 2693 alii
1046 2622 1084 2693 in
1111 2620 1326 2715 dialecticae
1353 2621 1442 2695 artis
1470 2631 1580 2717 atque
1606 2618 1761 2693 rationis
1789 2615 2039 2715 expositione,

75 2747 80 2756 '
157 2741 217 2823 alii
244 2742 282 2822 in
318 2744 397 2824 aliis
432 2745 544 2847 rebus
584 2771 768 2821 summam
807 2748 1068 2846 disputationis
1108 2749 1251 2823 uersari
1290 2758 1539 2838 censuerunt;
1579 2762 1672 2845 quos
1713 2770 1843 2821 omnes
1882 2769 1960 2821 non
1997 2742 2037 2823 id

157 2871 324 2955 effecisse
351 2884 393 2947 ut
416 2873 482 2946 uni
508 2875 663 2951 consilio
692 2877 818 2972 omnia
845 2877 884 2950 in
909 2878 981 2951 isto
1010 2877 1159 2976 dialogo
1182 2877 1374 2970 inseruire,
1402 2876 1451 2950 ad
1470 2901 1584 2952 unam
1603 2873 1789 2976 quandam
1806 2865 2038 2950 'senentiam

156 3012 264 3099 atque
293 3027 476 3074 summam
504 3003 630 3076 omnia
657 3017 826 3104 spectare
854 3005 1174 3099 demonstrarent,
1214 3005 1307 3079 mihi
1345 2975 1495 3103 quidem
1533 3004 1630 3104 hene
1668 3003 1850 3102 probasse
1889 3000 2038 3079 uidetur

154 3128 316 3207 Karalus
351 3127 585 3209 Steinhartus
625 3134 664 3209 in
704 3135 861 3237 egregiis
898 3132 991 3233 qu'ae
1024 3135 1244 3236 Hieronymi
1271 3132 1425 3208 -Mulleri
1458 3132 1756 3230 interpretationi
1791 3128 2037 3218 Gernranicae

155 3255 317 3333 Phaedri
352 3261 543 3360 praemisit
574 3262 851 3362 prolegomenis
887 3262 1078 3363 (Platonis
1107 3289 1260 3363 operum
1287 3263 1360 3336 uol.
1388 3267 1472 3362 tp.
1502 3264 1547 3339 13
1576 3261 1710 3361 seqq),
1745 3258 1879 3356 quibus
1915 3259 2037 3355 prole·

156 3389 326 3485 gomenis
353 3388 399 3462 de
425 3401 527 3464 recte
554 3390 806 3490 intellegenda
831 3391 1000 3466 Platonis
1027 3403 1105 3466 arte
1134 3405 1170 3466 et
1196 3391 1436 3492 philosophia
1462 3389 1601 3487 optime
1629 3390 1764 3464 meruit
1789 3386 1846 3464 uir
1866 3388 2035 3483 eximius.

154 3515 255 3590 idern
282 3519 490 3615 argumenti
519 3544 701 3593 summam
739 3533 909 3595 accurate
944 3522 1120 3620 explicuit
1158 3523 1196 3594 in
1238 3520 1337 3593 hunc
1376 3520 1455 3591 fere
1496 3519 1676 3592 modum:
1731 3542 1779 3590 ex
1825 3515 2035 3591 inmortalis

34 3629 50 3711 ε’
157 3645 269 3719 animi
297 3644 423 3719 diuino
454 3646 615 3743 quodam
643 3650 772 3746 spiritu
798 3651 916 3724 inflati
942 3650 1087 3748 pulchri
1115 3662 1152 3724 et
1176 3651 1267 3727 boni
1295 3672 1421 3720 amore
1457 3660 1494 3720 et
1528 3630 1717 3759 liberiimo
1746 3643 2034 3743 perfectissimo-

156 3799 226 3873 que
267 3776 368 3850 cultu
407 3801 455 3848 ex
494 3776 566 3850 hoc
604 3789 709 3851 motu
745 3777 871 3852 diuino
899 3782 1068 3878 profecto
1097 3805 1246 3852 omnem
1273 3777 1388 3850 uitam
1425 3776 1594 3850 altiorem
1631 3787 1668 3848 et
1704 3775 1891 3849 excelsam
1924 3783 2035 3867 atque

156 3902 255 3999 piam
282 3929 453 3997 manare,
493 3906 531 3977 in
569 3907 698 4003 primis
738 3883 922 3988 summam
955 3920 1063 4006 atquc
1098 3906 1405 4007 perfectissimam
1432 3904 1548 3977 'animi
1575 3904 1707 3996 uitam,
1747 3897 2034 4000 philosophiam,

160 4031 264 4104 cuius
291 4016 466 4106 interiore
493 4034 752 4127 instrumento,
789 4047 871 4109 arte
898 4036 1103 4129 dialectica,
1144 4036 1253 4108 simul
1281 4033 1437 4124 externi,
1464 4058 1576 4105 uerae
1605 4031 1848 4129 eloquentiae,
1876 4028 2036 4129 pretium

157 4161 421 4254 constituatur,
462 4188 555 4260 quae
597 4176 634 4237 et
672 4164 709 4236 in
750 4140 907 4242 dicendo
948 4178 985 4238 et
1024 4167 1062 4237 in
1096 4162 1293 4237 scribendo
1321 4162 1592 4260 perfectissima
1618 4160 1666 4232 sit
1692 4158 1722 4230 si
1749 4157 1888 4256 dialogi
1913 4157 2036 4259 forma

157 4299 282 4362 utatur
307 4290 502 4363 notionum
536 4291 659 4365 animo
694 4292 1020 4390 concipiendorum
1051 4294 1234 4366 rationem
1262 4291 1388 4363 uerbis
1414 4289 1594 4363 imitantis
1608 4291 1665 4360 ⁴².
1731 4313 1824 4387 quae
1863 4285 1912 4359 si'
1931 4294 2034 4358 recte

305 4569 326 4596 ⁴¹
346 4573 414 4623 idem
435 4589 459 4636 p.
481 4571 516 4624 32
534 4582 630 4640 ,cetera
650 4589 716 4639 quac
736 4578 776 4626 his
800 4573 950 4639 (poetarum
969 4579 1116 4639 aequalium
1135 4572 1318 4639 uituperationi
1338 4578 1364 4622 et
1383 4573 1569 4634 admonitioni)
1595 4571 1719 4622 Horatius
1746 4569 1899 4632 inseruerit,
1929 4567 2034 4617 nonnisi

157 4662 273 4725 episodia
292 4662 360 4713 esse‘
380 4669 478 4713 censet.

307 4777 330 4806 ⁴²
348 4796 373 4844 p.
394 4779 446 4832 at:
468 4785 510 4833 die
529 4785 679 4849 hundetorre
700 4784 776 4834 Liete
791 4785 839 4834 der
856 4787 1049 4836 amtertticiee
1067 4784 1138 4836 Scala
1156 4801 1188 4834 zu
1210 4787 1269 4834 dean
1287 4798 1325 4833 on
1343 4784 1399 4832 siet
1419 4780 1538 4832 Scitam
1556 4782 1613 4829 aad
1634 4779 1719 4830 Geren
1744 4780 1801 4828 und
1819 4780 1930 4828 dieuco
1949 4777 2036 4826 diem

157 4870 345 4935 aequumne
364 4879 504 4936 peuoyeae
522 4875 627 4939 paese
645 4875 812 4939 Austildung
839 4877 910 4925 iiras
936 4877 1173 4939 cigentitmlicten
1196 4877 1300 4925 Waaem
1323 4875 1360 4922 tat
1379 4871 1421 4922 asse
1441 4871 1531 4933 Qualia
1548 4870 1623 4933 jedes
1643 4873 1742 4921 ittera
1761 4869 1959 4932 pottpesdtliyen
1979 4867 2032 4916 Le·

159 4959 229 5025 iens,
258 4960 398 5011 detonderi
422 4962 487 5012 eder
504 4965 550 5014 dea
569 4964 683 5014 reiectae
701 4963 931 5015 coitiommemten
951 4965 1145 5030 Gaiatealatam,
1175 4966 1223 5015 der
1242 4963 1422 5025 Philosophia,
1452 4964 1533 5017 wan
1561 4962 1683 5025 patager
1706 4961 1808 5023 Omen,
1837 4961 1880 5009 die
1899 4956 2034 5009 Dieleitii

158 5053 223 5102 oder
241 5053 284 5102 die
302 5052 391 5103 Kanai
410 5055 458 5103 der
478 5053 740 5118 Gedcetentiidunp,
759 5056 876 5118 mulctet
895 5057 946 5106 den
971 5056 1058 5106 Wartt
1077 5057 1148 5105 iteca
1168 5059 1280 5104 desiero
1290 5054 1406 5118 Organa,
1427 5053 1474 5102 der
1491 5052 1602 5100 wutron
1619 5048 1834 5115 Beredtsumieit,
1854 5048 1970 5112 hadingi,
1990 5047 2034 5097 dia

157 5144 293 5194 itrerseits
311 5146 409 5196 wieder
424 5148 454 5196 ia
472 5148 637 5198 mundiicier
655 5147 706 5196 teia
721 5147 752 5194 in
770 5147 946 5211 antristitetar
964 5148 1136 5211 Dorsteiiung
1156 5160 1200 5196 cm
1218 5147 1448 5197 uoiitommamten
1467 5144 1497 5192 in
1516 5143 1564 5192 dar
1584 5141 1663 5190 Foras
1682 5141 1730 5188 dar
1748 5140 1800 5189 dan
1816 5139 2032 5188 ioaernProcm

159 5232 207 5282 dar
226 5234 484 5302 aquasmaquam
503 5238 533 5286 tn
555 5239 662 5291 Warten
679 5237 888 5288 aestimandae
912 5238 1089 5288 Wectielrede
1108 5237 1244 5297 eructant,
