4342 5722
1022 108 1044 180 9

887 214 1197 227 .-———-——-...

86 334 187 435 quos
213 346 253 409 et
275 336 320 409 in'
341 335 513 436 eligendo
541 344 761 434 argumento
789 332 910 432 (129)
942 347 980 407 et
1004 336 1042 407 in
1068 335 1255 435 fingendis
1281 336 1477 411 uocabulis
1503 338 1573 432 (52
1601 336 1693 435 seq.)
1733 337 1832 411 etin
1859 340 1974 413 rebus

85 462 257 538 metricis
282 464 371 562 (268
399 464 512 561 seq),
550 464 590 537 in
614 475 696 537 tota
721 462 880 561 denique
907 464 1165 560 conpositione
1193 475 1231 537 et
1255 463 1499 562 dispositione
1526 468 1617 561 (140
1644 465 1761 564 seqq.)
1797 467 1973 565 sequaris,

88 616 251 692 quorum
278 592 505 689 exemplaria
529 603 715 665 nocturna
741 591 946 690 diurnaque
972 616 1085 664 manu
1112 615 1252 665 uerses.
1278 634 1329 645 -

250 846 319 922 His
345 849 397 921 ita
421 849 636 946 praemissis
663 846 711 920 ad
737 847 775 919 id
801 845 900 945 quod
927 847 1162 946 propositum
1189 860 1247 921 est
1271 842 1483 946 transgredi
1507 849 1605 942 licet,
1639 863 1681 923 ut
1705 850 1974 949 inuestigemus

91 1001 274 1077 quosnam
303 977 537 1075 potissimum
564 989 735 1050 auctores
763 978 802 1051 in
829 976 1099 1050 conscribendo
1137 976 1209 1049 hoc
1242 977 1370 1049 libello
1405 975 1584 1052 Horatius
1619 977 1790 1052 uideatur
1824 991 1974 1052 secutus

89 1130 188 1181 ease.
240 1131 313 1204 qua
340 1106 378 1178 in
404 1130 446 1179 re
473 1108 632 1204 primum
661 1104 916 1203 quaerendum
944 1106 1014 1178 erit
1039 1131 1128 1179 num
1158 1108 1237 1204 ipse
1263 1119 1377 1205 poeta
1397 1108 1498 1213 ¹forte
1525 1108 1625 1179 uiam
1647 1106 1758 1180 nobis
1779 1119 1974 1181 monstret.

86 1246 133 1310 at
170 1246 213 1309 ut
249 1259 361 1332 supra
400 1234 570 1308 ordinem
609 1236 780 1308 consulto
821 1232 1001 1306 abscondi
1042 1235 1088 1307 ab
1116 1233 1273 1308 Horatio
1315 1230 1494 1328 indicaui,
1535 1236 1587 1309 ita
1626 1246 1798 1309 auctores
1826 1258 1974 1332 quoque

89 1390 173 1439 non
198 1365 368 1438 nominat
394 1363 460 1437 sed
488 1364 535 1437 de
559 1365 743 1438 industria
769 1363 892 1438 studia
918 1387 986 1434 sua
1013 1364 1185 1455 occultat,
1224 1377 1267 1437 ut
1293 1390 1386 1460 quae
1414 1363 1525 1436 docet
1551 1389 1627 1437 non
1654 1375 1730 1436 tam
1759 1389 1778 1436 4
1806 1363 1975 1460 diligenti
2042 1461 2047 1472 .

87 1518 220 1568 rerum
257 1493 553 1591 perscrutatione
593 1518 744 1566 manare
786 1516 896 1588 quarn
937 1477 1041 1586 quasi
1077 1517 1143 1588 per
1178 1519 1391 1566 sermonem
1431 1493 1533 1565 nulla
1567 1491 1654 1565 data
1680 1517 1794 1589 opera
1820 1491 1974 1566 effluere

91 1621 303 1695 uideantur.
381 1634 546 1695 attamen
584 1647 619 1694 u.
647 1624 693 1695 78
734 1620 964 1719 grammatici
1004 1634 1344 1714 conmemorantur,
1385 1648 1420 1695 u.
1449 1625 1521 1696 310
1561 1621 1772 1695 Socraticae
1811 1620 1973 1714 chartae,

89 1776 132 1824 u.
159 1753 230 1824 276
256 1750 468 1824 indicantur
494 1750 558 1846 qui
596 1749 642 1822 de
675 1748 861 1846 Thespide
904 1750 1157 1846 exposuerint,
1197 1776 1231 1823 u.
1260 1755 1332 1824 409
1373 1752 1435 1848 qui
1475 1751 1701 1847 quaesierint
1736 1763 1871 1823 natura
1908 1751 1976 1825 fiat

88 1878 282 1953 laudabile
309 1904 459 1952 carmen
487 1905 534 1951 an
562 1890 651 1970 arte,
678 1904 791 1976 porro
821 1904 854 1950 u.
871 1881 940 1951 297
970 1876 1174 1950 Democriti
1201 1877 1247 1951 de
1274 1879 1343 1952 hac
1371 1904 1410 1952 rc
1438 1881 1623 1953 sententia
1649 1879 1823 1972 adfertur,
1852 1906 1885 1952 u.
1900 1882 1972 1953 465

91 1991 334 2106 Empedoclis
374 2009 544 2082 interitus
584 2022 765 2098 narratur,
805 2006 960 2080 Homeri
1003 2005 1137 2079 deinde
1166 2004 1359 2106 Odysseae
1398 2008 1659 2105 prohoemium
1699 2034 1732 2080 u.
1775 2013 1843 2080 141
1886 2033 1974 2104 seq,

92 2138 207 2237 cyclii
234 2137 423 2210 cuiusdam
450 2149 584 2234 poetae
613 2136 809 2210 exordium
837 2163 870 2209 u.
897 2138 967 2208 136
994 2134 1125 2208 Latine
1153 2135 1330 2227 redditur,
1357 2135 1556 2209 multarum
1583 2137 1742 2234 denique
1767 2136 1974 2234 tragoedia·

91 2292 182 2341 rum
209 2291 390 2364 personae
418 2278 683 2340 enumerantur
710 2291 911 2361 earumque
938 2290 1063 2337 mores
1089 2276 1278 2337 notantur.
1331 2278 1369 2338 et
1393 2264 1546 2337 Troiani
1572 2265 1721 2361 quidem
1748 2266 1835 2338 belli
1863 2266 1975 2363 scrip-

89 2407 229 2488 torem,
257 2396 431 2493 ,quiquid
454 2396 503 2468 sit
524 2394 719 2492 pulchrum
746 2395 835 2490 quid
860 2387 980 2490 t'urpe,
1008 2393 1096 2489 quid
1123 2394 1211 2466 utile
1240 2393 1327 2489 quid
1353 2420 1441 2484 non,
1468 2394 1615 2490 planius
1643 2419 1684 2466 ac
1708 2395 1839 2467 melius
1859 2391 1976 2493 Chry·

92 2525 203 2622 sippo
231 2536 269 2597 et
294 2521 474 2598 Crantore
502 2523 620 2615 dicit‘,
659 2523 746 2620 quin
774 2522 971 2621 diligenter
996 2519 1174 2594 Horatius
1203 2522 1337 2620 legerit
1366 2535 1402 2595 et
1428 2523 1601 2620 relegerit
1627 2548 1738 2595 nemo
1767 2522 1975 2614 dubitabit;

95 2651 147 2723 de
187 2651 303 2751 cyolio
344 2652 407 2726 illo
446 2663 567 2748 poeta,
609 2652 711 2723 ouius
743 2675 790 2722 ne
830 2673 966 2723 nomen
1003 2649 1152 2746 quidem
1186 2651 1296 2723 nobis
1330 2665 1461 2724 notum
1492 2653 1548 2742 sit,
1583 2649 1746 2723 iudicare
1772 2677 1849 2724 non
1877 2651 1975 2729 licet.

95 2779 311 2878 tragoediae
340 2793 464 2852 autem
492 2805 646 2876 quarum
673 2780 814 2852 mentio
842 2780 884 2852 fit
910 2804 1029 2876 paene
1061 2805 1191 2852 omnes
1227 2805 1250 2850 a
1282 2777 1461 2852 Romanis
1500 2781 1621 2877 poetis
1661 2761 1839 2853 tractatae
1880 2790 1976 2852 sunt.

95 2905 330 3007 Thyestae
365 2909 464 2981 enim
500 2933 613 2981 cena
647 2910 728 3004 (91)
764 2921 850 3004 post
884 2906 1044 2980 Ennium
1073 2934 1096 2979 a
1122 2905 1235 2979 Vario
1262 2905 1409 2980 Horatii
1436 2910 1580 3005 aequali
1608 2908 1758 3007 egregia
1782 2907 1978 3006 tragoedia

94 3036 285 3110 celebrata
299 3050 357 3111 cst
370 3037 483 3135 (conf.
498 3035 693 3110 Ribbeckii
706 3039 932 3134 tragicorum
947 3035 1165 3109 Latinorum
1186 3037 1263 3110 rell.
1285 3063 1320 3133 p.
1336 3039 1419 3110 267.
1435 3039 1534 3134 347).
1578 3037 1625 3109 ad
1640 3038 1797 3110 candem
1811 3036 1978 3109 fabulam
2066 3054 2116 3099 Μ
2135 3104 2140 3115 .

94 3166 177 3239 siue
215 3166 264 3240 ad
301 3167 393 3239 Attii
434 3167 589 3238 Atreum
629 3163 832 3263 (Ribbeck.
875 3191 907 3262 p.
942 3167 1014 3236 333
1055 3166 1149 3237 conl.
1190 3167 1233 3237 fr.
1271 3144 1332 3262 12)
1373 3167 1502 3238 referri
1542 3180 1666 3263 potest
1704 3167 1875 3238 Atreus
1913 3166 1976 3238 ille

93 3295 261 3368 nefarius
289 3307 377 3367 exta
403 3319 568 3391 coquens
595 3295 726 3391 (186),
765 3294 855 3366 item
895 3292 1131 3388 Telephus
1158 3319 1300 3391 pauper
1335 3308 1372 3367 et
1405 3295 1492 3367 exul
1531 3297 1614 3388 (96.
1645 3296 1739 3389 104)
1780 3295 1827 3366 ad
1866 3293 1976 3366 Ennii

95 3420 302 3516 (Ribbeck.
329 3450 363 3521 p.
390 3425 461 3495 262
492 3423 586 3494 conl.
614 3423 657 3494 sr.
688 3427 718 3493 1.
748 3424 787 3517 3)
815 3422 893 3494 siue
919 3421 1012 3494 Attii
1039 3419 1234 3515 (Ribbeck.
1262 3448 1296 3520 p.
1324 3426 1395 3496 307
1424 3422 1519 3494 conl.
1546 3423 1590 3494 l'r.
1618 3426 1650 3494 3.
1678 3424 1725 3519 4)
1759 3422 1977 3522 Telephum.

95 3550 331 3625 Achillem
360 3553 480 3649 (120)
507 3551 544 3623 in
572 3575 745 3622 scaenam
772 3548 1031 3647 produxerunt
1065 3550 1189 3623 Liuius
1216 3549 1359 3623 Ennius
1386 3550 1522 3642 Attius,
1564 3551 1650 3646 quin
1677 3552 1757 3648 ipse
1784 3554 1976 3650 Augustus

95 3677 174 3749 hoo
201 3692 457 3777 argumentum
488 3678 663 3752 tractauit
701 3677 904 3775 (Ribbeck.
940 3704 974 3775 p.
1011 3681 1093 3750 244.
1129 3682 1211 3751 272.
1247 3682 1330 3752 304.
1372 3656 1474 3752 Suid.
1508 3679 1728 3777 Αὔγουστος);
1768 3677 1975 3752 Medeam

96 3806 320 3906 (123·185)
361 3819 690 3904 repraesentarunt
715 3806 857 3881 Ennius
897 3821 934 3881 et
959 3807 1083 3880 Attius
1119 3806 1314 3904 (Ribbeck.
1342 3835 1376 3906 p.
1405 3811 1477 3882 248
1505 3835 1604 3907 seqq.
1632 3811 1739 3905 317),
1782 3807 1975 3881 Inonem

96 3933 206 4031 (123)
232 3933 358 4009 Liuius
386 3935 580 4033 (Ribbeck.
608 3961 642 4033 p.
666 3937 766 4033 244),
793 3934 842 4009 Io
870 3938 977 4034 (124)
1004 3937 1128 4010 Attius
1155 3935 1398 4037 (Ribbeckp.
1415 3941 1521 4035 300);
1548 3940 1644 4012 tristi
1671 3936 1831 4012 Oresti
1858 3937 1976 4035 (124),

96 4086 209 4158 quem
236 4067 381 4138 scaenis
410 4066 588 4164 agitatum
615 4063 802 4163 Vergilius
830 4064 920 4138 dicit
944 4068 1036 4139 Aen.
1065 4070 1097 4156 4,
1126 4068 1219 4156 471,
1258 4067 1363 4139 locus
1397 4081 1476 4141 erat
1505 4068 1541 4140 in
1571 4065 1681 4141 Ennii
1709 4066 1976 4141 Eumenidibus

95 4188 294 4287 (Ribbeck.
321 4219 356 4291 p.
385 4195 502 4289 270),
543 4194 701 4266 fortasse
737 4194 848 4265 etiam
875 4194 913 4265 in
939 4192 1071 4266 Naeuii
1097 4193 1289 4292 Iphigenia
1316 4195 1519 4290 (Ribbeck.
1547 4222 1581 4293 p.
1610 4195 1724 4291 247),
1763 4193 1975 4292 Prognae

95 4320 205 4418 (187)
232 4320 393 4419 denique
419 4323 457 4394 iu
484 4321 580 4394 Liuii
607 4323 770 4419 Attiique
798 4321 925 4395 Tereis
953 4319 1153 4417 (Ribbeck.
1181 4349 1214 4420 p.
1244 4326 1323 4395 244.
1352 4326 1452 4418 315).
1528 4334 1671 4397 restant
1696 4323 1809 4421 igitur
1835 4349 1928 4420 quos
1956 4348 1978 4395 a

92 4447 239 4523 Latinis
277 4452 399 4548 poetis
439 4462 738 4550 repraesentatos
779 4476 859 4523 esse
899 4477 976 4523 non
1016 4451 1136 4549 possit
1171 4450 1418 4524 demonstrari
1445 4450 1618 4525 Peleus
1649 4478 1792 4550 pauper
1826 4466 1863 4525 et
1889 4451 1977 4525 exul

95 4577 172 4674 (96.
201 4580 288 4675 104)
328 4623 378 4634 -
417 4605 506 4652 nam
531 4577 640 4652 Ennii
667 4579 820 4652 Telamo
849 4579 920 4652 huc
948 4606 1024 4652 non
1052 4580 1213 4677 pertinet
1250 4622 1299 4632 -
1339 4581 1485 4676 qualem
1520 4578 1707 4678 Euripidis
1743 4582 1977 4679 cognominis

93 4706 292 4804 tragoedia
319 4709 489 4782 exhibuit
515 4709 634 4803 (cons.
662 4706 917 4799 Wclckerum,
953 4707 1010 4779 die
1043 4707 1284 4806 griechischen
1316 4706 1585 4805 7609046402
1623 4736 1657 4807 p.
1686 4710 1801 4806 809),
1841 4707 1976 4781 deinde

94 4832 295 4909 Cadmus
331 4838 369 4910 in
406 4862 566 4934 anguem
602 4862 806 4911 conuersus
833 4839 954 4935 (187)
990 4864 1150 4934 quocum
1184 4850 1268 4935 apte
1303 4851 1554 4934 conparantur
1582 4838 1673 4911 haec
1702 4835 1903 4935 Euripides
1929 4836 1976 4910 ab

92 4961 336 5065 Hermogene
365 4964 411 5038 de
438 4967 576 5039 irruent.
605 4970 639 5056 4,
669 4968 713 5037 12
741 4983 889 5039 seruata
916 4968 1029 5063 (conf.
1056 4965 1241 5040 Wclcker.
1268 4967 1290 5037 l.
1318 4967 1340 5039 l.
1367 4992 1402 5064 p.
1430 4966 1519 5065 810)

641 5131 728 5207 oleos,
751 5127 867 5215 cipitur
888 5157 947 5208 μου
967 5137 1099 5205 γίγνεται
1124 5125 1157 5193 ro'
1179 5126 1205 5205 γ’
1228 5124 1329 5212 ἥμισυ·

640 5251 755 5313 τέκνον.
778 5239 991 5326 περιτλοὶκηθι
1015 5243 1058 5327 τῷ
1078 5242 1176 5326 λοιπῷ
1196 5253 1298 5326 πατρί,
