4342 5722
1123 111 1145 183 8

176 333 356 412 iuuenum
370 336 584 436 adloquitur
600 363 759 437 eumque
787 338 922 412 edocet
946 338 1070 436 poetis
1096 336 1351 412 mediocribus
1375 362 1555 413 essenon
1574 338 1698 429 licere,
1726 340 1863 437 quippe
1885 338 2088 413 liberalem

178 481 298 538 artem
324 465 499 539 iuuandis
527 466 661 540 animis
687 480 816 539 natam
844 465 1126 554 exercentibus;
1162 489 1273 561 quarn
1302 465 1459 553 obrem
1486 478 1523 538 et
1549 466 1665 562 ipsius
1693 466 1807 539 animi
1833 467 1963 566 inpetu
1990 490 2084 564 quo·

179 592 266 666 darn
295 604 333 666 ct
357 593 506 691 inpulsu
534 619 628 691 opus
657 619 740 667 esse
768 605 815 686 et,
843 594 873 667 si
895 605 1024 666 tamen
1037 616 1173 666 uersus
1192 617 1356 690 pangere
1377 618 1456 665 non
1477 592 1664 666 destiterit
1685 592 1919 685 adulescens,
1946 617 2084 667 seuero

177 745 264 794 cum
295 721 411 818 ipsius
446 733 526 794 tum
566 721 772 818 peritorum
811 719 950 793 iudicio
990 745 1141 792 carmen
1184 718 1343 792 subiciat
1375 744 1473 792 neue
1510 720 1674 793 scribere
1702 730 1740 792 et
1768 719 1880 794 edere
1915 719 2083 812 festinet,

180 848 281 944 quod
308 849 570 947 neglegentius
597 848 833 921 elaboratum
869 846 1110 944 cupidiusque
1148 847 1326 928 emissum
1352 846 1406 919 nil
1431 846 1504 920 nisi
1531 845 1696 920 dedecus
1723 859 1834 944 atque
1860 847 2083 920 inrisionem

176 975 340 1049 laturum
367 977 416 1048 sit
442 975 611 1072 (-390).
677 987 809 1048 contra
835 976 898 1072 qui
923 999 1013 1047 uere
1041 985 1178 1071 poetae
1205 987 1293 1047 sunt
1332 957 1479 1047 summo
1516 998 1665 1071 semper
1689 974 1729 1047 in
1756 974 1901 1048 honore
1927 975 2083 1048 fuerunt

178 1102 354 1200 (-407),
382 1101 449 1175 sed
476 1114 518 1176 ut
544 1102 626 1201 quis
652 1126 743 1175 uere
771 1103 958 1200 aitpoeta
984 1113 1022 1175 et
1048 1101 1241 1201 ingenium
1269 1101 1410 1175 habeat
1437 1114 1475 1174 et
1501 1115 1620 1175 artem
1647 1125 1803 1174 necesse
1831 1113 1887 1175 est
1910 1103 2080 1199 (-418).

181 1240 221 1303 et
249 1230 282 1302 ei
304 1229 453 1327 quidem
473 1231 582 1303 facile
604 1230 844 1303 inuenientur
866 1231 928 1328 qui
947 1255 1100 1303 carmen
1120 1228 1285 1322 laudent,
1312 1230 1532 1327 praesertim
1553 1228 1663 1302 donis
1684 1228 1830 1321 adlecti,
1859 1228 1926 1303 sed
1948 1253 2081 1302 corum

177 1356 309 1430 laudes
336 1357 430 1430 nihil
457 1358 586 1431 ualent
599 1360 776 1452 (-437):
802 1358 918 1430 immo
945 1383 1019 1455 quo
1048 1356 1130 1455 quis
1157 1357 1277 1430 acrius
1292 1356 1587 1454 reprehenderit,
1615 1356 1712 1430 sicut
1725 1354 1926 1445 Quintilius
1952 1357 2079 1429 facere

177 1495 443 1575 consueuerat,
485 1509 530 1558 eo
564 1484 760 1557 meliorem
794 1496 832 1558 et
864 1484 1124 1583 benigniorem
1163 1484 1324 1557 iudicem
1359 1509 1443 1556 eum
1480 1509 1562 1557 esse
1597 1485 1691 1556 scito
1726 1482 1911 1581 (-452).
1972 1484 2079 1558 cuius

178 1614 321 1686 seueris
343 1611 505 1709 quidem
533 1611 601 1685 sed
627 1611 780 1685 utilibus
807 1611 1113 1709 sapientibusque
1140 1612 1305 1686 consiliis
1332 1613 1468 1709 spretis
1496 1612 1609 1709 siquis
1635 1625 1761 1684 tamen
1788 1636 1855 1707 per
1883 1635 1923 1683 se
1943 1634 2079 1707 sapere

178 1765 291 1813 ausus
318 1741 436 1812 inuita
461 1738 633 1812 Minerua
656 1740 804 1836 poetari
829 1765 907 1813 non
934 1739 1081 1831 desinit,
1117 1739 1148 1812 is
1176 1739 1223 1811 ab
1252 1739 1426 1813 omnibus
1461 1739 1641 1812 uitabitur
1674 1750 1784 1836 atque
1817 1737 2013 1830 ridebitur,
2053 1763 2079 1811 a

178 1868 328 1941 nemine
357 1867 480 1963 siquid
505 1868 602 1940 forte
633 1869 667 1940 ei
695 1867 873 1942 acciderit
900 1869 1080 1940 auxilium
1100 1891 1251 1963 sperare
1269 1867 1418 1964 poterit,
1446 1867 1583 1964 quippe
1605 1891 1690 1938 cum
1713 1891 1735 1938 a
1755 1867 1899 1939 cunctis
1921 1867 2078 1940 insanus

179 1994 363 2067 habeatur
382 2020 503 2091 neque
519 1996 690 2092 cuiquam
718 2021 796 2068 non
823 1996 871 2068 sit
896 1994 1262 2067 molestus—triste
1292 1995 1506 2091 exemplum
1534 1994 1708 2067 omnibus
1736 1995 1798 2090 qui
1827 1994 1906 2066 eius
1934 1993 2075 2068 similes

179 2136 268 2197 sunt
294 2124 462 2220 (-·476).

338 2248 434 2321 Huic
462 2251 672 2348 argumenti
701 2251 883 2347 epistulae
914 2249 1141 2348 expositioni
1169 2250 1243 2320 iam
1271 2249 1497 2346 subiungere
1531 2249 1633 2340 libet,
1662 2274 1735 2344 quo
1764 2249 1923 2321 certiore
1951 2246 2077 2345 dispu-

177 2378 272 2450 tatio
299 2392 430 2450 nostra
455 2378 597 2450 nitatur
622 2376 868 2450 fundamento
877 2436 886 2471 ,
930 2379 1086 2451 breuem
1123 2401 1356 2449 summorum
1395 2389 1682 2474 praeceptorum
1725 2377 2001 2449 enarrationem
2019 2377 2076 2448 ¹⁹.

183 2505 384 2603 quaesere
414 2504 505 2576 hacc
533 2516 629 2577 sunt.
706 2505 867 2601 primum
895 2507 1020 2578 locum
1048 2505 1194 2577 obtinet
1227 2505 1426 2578 unitatis
1465 2505 1529 2577 lex
1568 2505 1694 2601 utique
1737 2502 1986 2594 obseruanda,
2026 2528 2077 2575 ne

178 2633 416 2731 singulorum
441 2630 567 2729 poesis
594 2656 774 2729 generum
801 2631 948 2706 indoles
975 2633 1127 2704 uitietur
1156 2633 1265 2730 (86),
1293 2643 1335 2704 ut
1360 2657 1476 2704 unum
1504 2630 1679 2728 quodque
1708 2655 1802 2728 opus
1831 2629 1902 2703 sibi
1928 2639 2079 2702 constet

182 2763 259 2856 (23.
288 2763 352 2853 34)
381 2760 486 2832 cuius
506 2759 560 2831 rei
584 2761 799 2856 exemplum
812 2757 1000 2833 Homerus
1022 2761 1247 2857 proponitur
1268 2759 1387 2855 (152),
1414 2771 1455 2831 ut
1483 2783 1728 2855 personarum
1757 2770 1859 2830 aetas
1888 2768 1925 2830 et
1950 2780 2078 2830 mores

180 2887 230 2961 ad
255 2889 371 2960 imum
413 2896 611 2960 seruentur
650 2889 746 2984 (126
775 2912 851 2983 seq
889 2890 958 2960 176
987 2890 1131 2984 seqq),
1170 2912 1267 2960 neue
1309 2886 1414 2960 chori
1454 2887 1620 2959 carmina
1654 2912 1677 2958 a
1709 2887 1850 2958 relicua
1881 2882 2080 2982 tragoedia

181 3015 357 3090 differant
384 3016 480 3112 (195
509 3015 612 3110 seq).
690 3014 738 3086 ad
770 3040 881 3111 quam
909 3016 1116 3113 simplicem
1144 3016 1328 3112 poematis
1354 3026 1528 3087 naturam
1554 3040 1630 3087 non
1660 3014 1742 3087 solo
1770 3014 1967 3110 ingenio
1995 3036 2078 3110 per·

180 3144 331 3217 uenitur
369 3142 493 3239 (quod
521 3141 672 3240 quidem
701 3144 829 3238 quanti
857 3140 1035 3216 Horatius
1062 3143 1175 3216 faciat
1202 3143 1282 3215 aliis
1316 3142 1410 3215 locis
1444 3142 1628 3231 declarat,
1671 3140 1768 3212 conf.
1796 3152 1863 3213 sat.
1892 3144 1926 3240 1,
1954 3144 1988 3230 4,
2016 3142 2077 3214 43.

180 3298 294 3346 carm.
323 3275 358 3364 3,
387 3276 421 3365 4,
450 3274 495 3344 21
526 3270 661 3368 seqq),
702 3270 770 3343 sed
803 3283 953 3368 praeter
979 3271 1190 3370 ingenium,
1232 3270 1331 3368 quod
1359 3270 1526 3368 plerique
1556 3281 1689 3366 poetae
1715 3267 1876 3341 Romani
1904 3268 2078 3341 sufficere

180 3400 364 3500 putabant
391 3373 479 3497 (295
509 3398 637 3497 seqq),
666 3424 751 3471 cum
778 3401 899 3496 poetis
926 3425 1040 3472 aurea
1066 3400 1130 3471 illa
1155 3398 1395 3471 mediocritas
1424 3395 1579 3469 concedi
1607 3422 1684 3468 non
1707 3396 1826 3492 possit
1853 3397 1942 3493 (372
1972 3396 2078 3492 seq),

180 3528 345 3600 maxime
380 3539 484 3599 arte
521 3551 614 3622 opus
650 3539 707 3599 est
734 3527 807 3617 (86
836 3552 935 3625 seqq.
968 3530 1041 3600 408
1069 3527 1185 3624 seqq.)
1226 3550 1298 3622 qua
1324 3549 1465 3622 ponere
1492 3535 1614 3597 totum
1642 3523 1820 3596 discimus
1848 3523 1962 3619 (34),
2004 3546 2080 3620 qua

182 3654 380 3753 pulchrum
402 3653 508 3727 etad
531 3662 617 3749 apte
641 3653 871 3728 adficiendos
893 3656 1124 3728 audientium
1147 3654 1292 3726 animos
1314 3653 1490 3725 idoneam
1512 3653 1643 3749 poesin
1659 3650 1850 3723 reddimus
1866 3651 1929 3744 (99
1946 3650 2078 3746 seqq),

181 3807 327 3879 quaque
355 3781 510 3853 omnino
538 3805 561 3851 a
586 3780 686 3853 uitiis
714 3806 890 3855 cauemus
914 3783 1020 3880 (31);
1060 3781 1235 3878 prudenti
1263 3780 1399 3862 deinde
1427 3780 1638 3878 argumenti
1666 3780 1848 3852 electione
1872 3781 1936 3871 (38
1959 3778 2078 3874 seqq.)

53 3932 56 3939 ·
181 3934 278 4006 opus
306 3920 364 3981 est
390 3919 428 3981 ct
454 3907 611 3980 adsidua
637 3908 880 3981 meditatione
916 3920 1027 4005 atque
1067 3908 1353 4006 praeparatione
1394 3908 1491 4001 (311
1522 3907 1667 4005 seqq),
1709 3894 1876 4006 diligenti
1917 3904 2079 4003 denique

181 4036 447 4111 emendatione
477 4036 624 4132 acrique
653 4062 813 4109 censura
838 4038 926 4134 (291
958 4063 1058 4134 seqq.
1088 4039 1159 4110 387
1188 4063 1286 4134 seqq.
1316 4039 1388 4109 437
1406 4036 1533 4134 seqq).
1588 4061 1647 4108 ars
1675 4046 1800 4108 autem
1826 4033 2003 4131 prohibet
2028 4057 2078 4107 ne

182 4163 349 4238 modus
377 4163 582 4237 excedatur
609 4190 692 4236 curn
719 4165 758 4236 in
786 4165 955 4238 oratione
984 4177 1095 4261 utque
1123 4190 1296 4239 sermone
1325 4166 1388 4261 (25
1418 4191 1517 4263 seqq.
1546 4167 1592 4238 93
1621 4190 1721 4260 seqq.
1761 4165 1832 4234 225
1862 4188 1962 4259 seqq.
2005 4164 2080 4235 244

184 4291 304 4389 seqq.)
333 4293 434 4364 etin
461 4292 627 4365 numeris
653 4291 849 4389 modisque
877 4294 985 4390 (211.
1013 4295 1086 4366 214
1113 4296 1229 4391 seqq.)
1265 4294 1366 4367 etin
1393 4320 1551 4366 numero
1579 4317 1825 4391 personarum
1852 4291 2079 4363 fabularum·

184 4445 255 4518 que
277 4419 419 4491 ambitu
438 4418 527 4517 (189
544 4423 670 4518 seqq),
692 4431 772 4492 tum
786 4420 823 4492 in
838 4421 1035 4496 narrandis
1049 4422 1110 4494 uel
1125 4423 1220 4496 adeo
1236 4433 1322 4496 ante
1338 4423 1468 4496 oculos
1481 4420 1737 4520 proponendis
1752 4419 1864 4492 rebus
1880 4432 1943 4492 aut
1956 4420 2079 4496 foedis

182 4559 249 4621 aut
274 4546 556 4619 incredibilibus
584 4550 672 4646 (185
701 4574 799 4646 seqq.
831 4553 899 4622 191
929 4576 1003 4647 seq.
1033 4553 1105 4623 339
1134 4551 1237 4650 seq).
1315 4552 1404 4624 artis
1437 4576 1529 4624 uero
1558 4562 1595 4624 et
1621 4550 1723 4623 modi
1752 4552 1881 4648 optimi
1909 4549 2080 4648 magistri

183 4699 263 4748 non
290 4685 377 4747 sunt
403 4675 544 4771 antiqui
570 4674 622 4747 illi
650 4689 783 4773 poetae
811 4675 991 4771 Romani,
1032 4705 1125 4777 quos
1166 4680 1203 4752 in
1243 4680 1316 4752 hoc
1355 4681 1436 4778 ipso
1478 4680 1579 4776 quod
1618 4680 1698 4752 sinc
1739 4691 1818 4752 arte
1859 4678 2077 4774 scripserint

183 4799 365 4875 Horatius
393 4814 430 4874 et
456 4802 494 4874 in
520 4814 651 4875 nostra
678 4806 835 4902 epistula
864 4808 954 4904 (258
983 4832 1081 4904 seqq.
1110 4810 1183 4880 279
1198 4811 1314 4906 seqq.)
1344 4822 1381 4882 et
1408 4809 1496 4880 alibi
1523 4806 1774 4904 reprehendit,
1803 4803 2074 4897 sedGraeci,

182 4910 403 5003 incentores
429 4931 596 5002 omnium
626 4945 663 5004 ct
688 4934 813 5028 poesis
847 4947 884 5007 et
915 4960 1157 5008 numerorum
1192 4962 1371 5034 generum
1413 4937 1484 5033 (73
1513 4961 1613 5032 seqq.
1655 4939 1726 5008 275
1755 4936 1899 5031 seqq),
1940 4933 2076 5029 quibus

184 5057 266 5155 ipsa
281 5083 388 5131 musa
403 5067 440 5130 et
457 5058 649 5156 ingenium
665 5058 768 5133 dedit
782 5070 818 5132 et
833 5087 897 5134 ore
911 5061 1074 5140 rotundo
1089 5064 1190 5160 loqui
1206 5065 1295 5159 (323
1318 5065 1421 5161 seq),
1450 5065 1618 5162 aquibus
1646 5087 1776 5161 supere
1805 5063 1926 5134 discas
1956 5060 2074 5158 (310),

318 5245 345 5275 ¹⁰
367 5245 437 5294 atiud
457 5258 546 5296 corum
568 5246 730 5308 spicilegium
751 5249 865 5298 extribuit
885 5249 933 5298 Ed.
955 5249 1094 5313 Mullcms,
1117 5247 1270 5299 Gesctt'cbre
1290 5251 1337 5299 der
1349 5252 1458 5300 Theos-te
1475 5251 1523 5299 der
1538 5250 1629 5299 [sitast
1642 5249 1681 5300 bet
1696 5250 1844 5313 densiter,
1865 5243 1882 5296 2
1901 5260 1925 5308 p.
1938 5240 2073 5296 279-283.
