4342 5722
1079 105 1126 176 tt

154 348 215 412 tro
243 336 372 434 quinto
399 334 446 409 de
468 332 717 434 Neoptolemo
739 331 900 408 Parlano
926 333 1120 432 disputans
1145 360 1181 433 p.
1196 337 1270 408 aiu
1295 333 1466 408 dubitare
1492 359 1569 408 nou
1597 333 1727 408 debuit
1753 358 1862 432 quem
1875 333 2041 434 Neopto-

153 466 296 539 lemum
320 462 531 564 Porphyrio
561 463 710 537 diceret.
775 463 922 562 scripsit
957 474 1080 537 autern
1106 461 1376 560 Neoptolemus
1410 486 1494 536 curu
1527 464 1707 560 conplura
1732 464 1898 537 carmina
1924 465 2040 581 epioe5

158 605 238 668 tum
265 592 509 694 grammatica
535 616 664 690 opera,
692 604 729 664 et
756 601 824 682 περὶ
844 600 988 676 γλωσσῶν
1013 591 1130 665 libros
1165 591 1359 665 minimum
1385 603 1462 665 tres
1494 590 1647 689 (Athen.
1677 592 1900 688 11‚476¹),
1940 593 2041 669 uude

96 733 104 741 ‘
156 724 431 813 ὅγλωσσιγριὶφος
458 720 574 797 audiit
597 719 748 818 (Strabo
775 722 831 814 13,
846 720 947 819 589),
974 733 1013 793 et
1039 729 1108 815 περὶ
1130 723 1310 802 doratensis.
1361 719 1434 792 hoc
1460 720 1573 817 igitur
1600 719 1761 842 strigem
1789 746 1811 793 e
1837 721 2039 800 scholiasta

160 844 369 927 Horatiano
396 847 762 947 respici'Meinekius
787 860 904 946 putat.
969 874 1097 949 ,quem
1122 848 1279 925 librum‘
1313 844 1433 945 inquit
1457 872 1554 940 ,eum
1581 847 1618 920 in
1647 849 1756 924 unius
1783 850 1949 925 asteismi
1973 877 2033 925 ex·

155 976 356 1077 plicatione
400 991 661 1079 consumptum
700 1003 782 1052 esse
822 974 1039 1051 incredibile
1078 976 1142 1070 sit,
1181 976 1375 1074 probabile
1416 987 1472 1050 est
1508 973 1797 1074 Neoptolemum
1839 979 1949 1052 etiam
1989 979 2038 1053 de

155 1107 293 1179 ceteris
319 1104 448 1205 figuris
463 1101 695 1206 'exposuisse
723 1117 761 1181 et
787 1106 875 1182 dum
902 1105 940 1179 id
966 1104 1107 1183 faceret
1133 1108 1243 1180 etiem
1272 1130 1317 1178 ea
1341 1103 1481 1203 passim
1507 1105 1686 1199 attulisse,
1713 1131 1807 1204 quae
1828 1107 2038 1206 praeceptis

158 1231 204 1306 de
231 1246 310 1307 arte
335 1223 645 1335 poetica'similia
673 1244 819 1313 essent‘.
873 1235 939 1309 sed
966 1260 1188 1334 quamquam
1214 1257 1368 1333 prorsus
1395 1258 1444 1306 ex
1463 1233 1805 1308 Alexandrinorum
1832 1261 1936 1309 more
1956 1247 2038 1309 erat

156 1361 195 1434 iu
222 1364 406 1462 poematis
434 1390 455 1436 a
480 1365 674 1463 proposito
702 1361 866 1465 degredi,
893 1364 932 1437 in
958 1363 1209 1462 grammaticis
1243 1375 1370 1437 temen
1396 1360 1531 1436 libellis
1567 1363 1748 1436 eiusmodi
1775 1362 2037 1464 degressiones

155 1488 252 1567 mele
281 1517 321 1565 se
348 1488 534 1566 haberent
559 1517 681 1589 neque
709 1492 747 1565 iu
772 1491 868 1565 libro
896 1491 1127 1590 explicandis
1166 1494 1341 1577 doratensis
1382 1490 1568 1565 destinato
1605 1491 1737 1566 ceteris
1762 1490 1891 1592 figuris
1928 1494 2036 1568 locus

154 1630 247 1711 erat,
274 1620 413 1697 nedum
441 1621 494 1696 eis
521 1647 626 1725 ,quae
653 1621 861 1721 praeceptis
889 1620 935 1695 de
963 1633 1041 1694 arte
1069 1620 1219 1719 poetica
1244 1619 1378 1695 similia
1405 1625 1552 1694 essent‘.
1605 1621 1770 1694 asteismi
1797 1642 1920 1694 autern
1943 1622 2035 1721 figu-

154 1773 235 1823 ram
269 1750 406 1824 multas
448 1752 587 1825 formas
623 1748 809 1849 conplecti
840 1752 919 1850 ipse
952 1744 1159 1827 Melnekius
1193 1750 1317 1846 paullo
1350 1761 1435 1824 ante
1468 1750 1526 1848 (p.
1554 1750 1649 1846 358)
1676 1748 1864 1823 indicauit.
1911 1775 2034 1848 neque

154 1875 202 1951 de
230 1877 406 1977 dispersis
433 1878 656 1976 quibusdam
684 1905 750 1979 per
777 1880 889 1954 alium
915 1880 1051 1952 librum
1078 1878 1286 1977 praeceptis
1319 1874 1365 1951 de
1400 1888 1478 1955 arte
1512 1877 1660 1975 poetica
1686 1877 1924 1977 cogitandum
1952 1903 2035 1952 esse

152 1998 233 2104 ipse
260 2002 483 2116 Porphyrio'
501 2007 650 2081 uidetur
675 2008 851 2102 indicare,
892 2034 977 2081 cum
1003 2006 1221 2099 Horatium,
1261 2006 1322 2105 qui
1348 1981 1405 2080 sat
1431 2006 1549 2080 multa
1574 2018 1772 2104 praecepta
1796 2006 1835 2079 in
1862 2006 1932 2079 hac
1960 2009 2034 2107 epi·

154 2136 253 2209 stula
279 2149 482 2234 proponat,
523 2163 619 2229 ,nou
653 2137 778 2211 omnia
812 2136 879 2210 sed
912 2136 1221 2210 eminentissima‘
1247 2148 1393 2209 tautum
1419 2135 1652 2235 congessisse
1678 2145 1845 2209 testetur.
1909 2134 2033 2232 itaque

156 2260 257 2335 haud
283 2263 395 2336 dubie
422 2277 522 2338 recte
537 2264 605 2338 Ed.
618 2265 798 2339 Miillerus
819 2264 960 2363 (Geaclr.
977 2264 1011 2338 d.
1031 2263 1178 2338 Themis
1191 2264 1225 2336 d.
1241 2263 1361 2337 Kanai
1379 2263 1435 2336 bei
1446 2262 1479 2335 d.
1495 2263 1600 2336 Alton
1616 2266 1637 2334 2
1655 2289 1690 2361 p.
1706 2265 1795 2360 270)
1819 2275 1855 2336 et
1871 2261 2033 2337 Orellius

152 2389 308 2488 (cdlii,
323 2393 397 2466 uol.
411 2396 433 2465 2
448 2418 483 2492 p.
499 2394 588 2493 684)
613 2392 902 2492 Neoptolemum
914 2405 1073 2468 censent
1097 2393 1236 2466 iustum
1261 2391 1308 2465 de
1334 2403 1414 2465 arte
1440 2393 1587 2489 poetica
1612 2391 1919 2464 commentarium
1947 2417 2033 2466 con·

153 2519 355 2618 scripsisse.
422 2533 459 2595 et
484 2544 662 2620 perquam
688 2523 785 2596 male
810 2523 982 2620 profecto
1009 2520 1220 2621 Porphyrio
1252 2521 1400 2594 locutus
1433 2532 1550 2613 esset,
1588 2520 1620 2593 si
1659 2560 1709 2579 -·
1747 2520 1848 2616 quod
1886 2546 1953 2618 per
1990 2547 2032 2595 se

150 2658 256 2747 patet
293 2689 342 2711 -ι-
381 2648 579 2725 Horatium
620 2651 659 2722 in
698 2651 797 2724 huno
832 2650 969 2724 librum
997 2676 1108 2748 quern
1136 2650 1183 2724 de
1209 2661 1288 2723 arte
1313 2651 1461 2747 poetica
1484 2649 1735 2746 inscripsisset
1760 2661 1957 2747 praecepta
1984 2649 2032 2724 de

151 2788 233 2853 arte
259 2779 409 2876 poetica
443 2780 677 2877 congessisse
705 2779 877 2872 dixisset,
916 2804 1038 2877 neque
1076 2779 1150 2852 hoc
1176 2779 1301 2876 potius
1326 2779 1509 2851 uoluisset
1534 2776 1657 2850 dicere
1681 2800 1770 2849 euru
1796 2776 2035 2874 Neoptolemi

1 2892 11 2968 l
138 2888 381 3005 ieognomine
409 2907 506 2979 libro
534 2932 643 2980 usum
670 2932 762 2980 esse.
839 2933 909 2981 uec
942 2907 1101 3006 denique
1136 2919 1194 2981 est
1227 2931 1293 2980 cur
1323 2905 1510 2979 eiusmodi
1540 2906 1708 2979 libellum
1735 2930 1758 2978 a
1782 2903 2032 3004 Neoptolemo

150 3033 294 3107 editum
322 3060 404 3108 esse
431 3034 646 3109 incredibile
675 3037 798 3109 sit²⁸t
826 3062 938 3134 quarn
957 3037 1067 3109 facile
1087 3063 1177 3110 uero
1197 3036 1280 3108 lieri
1298 3035 1421 3133 potuit
1442 3047 1484 3108 ut
1510 3035 1581 3106 alia
1604 3035 1714 3108 huius
1742 3036 1865 3133 operis
1891 3035 2032 3109 mentio

152 3160 202 3234 ad
227 3186 299 3235 nos
325 3188 402 3236 nort
428 3165 650 3260 perueniret.

312 3344 422 3420 Hunc
455 3348 566 3448 igitur
599 3349 736 3429 librum
761 3346 998 3451 Neoptolemi
1023 3347 1202 3424 Horatius
1234 3352 1272 3422 in
1301 3375 1408 3423 suum
1435 3374 1543 3425 usum
1570 3349 1727 3423 uertisse
1762 3347 1928 3421 traditur.
1994 3357 2034 3420 at

153 3498 221 3573 per
246 3483 364 3547 totam
392 3487 559 3549 nostram
586 3478 781 3576 epistulam
809 3478 902 3550 nihil
928 3479 1084 3577 adparet
1109 3477 1369 3551 recondit-ioris
1402 3474 1501 3550 illius
1536 3476 1727 3550 doctrinae
1761 3476 1878 3575 qualis
1911 3500 2032 3575 gram·

123 3634 124 3645 ι
149 3602 332 3701 ,ωαιῐευῐη
347 3603 644 3685 Alexandrinum
659 3606 825 3680 decebat.
855 3627 1053 3707 praecepta
1067 3608 1166 3680 enirn
1180 3619 1325 3679 tanturn
1339 3631 1417 3679 uon
1431 3607 1557 3678 omnia
1569 3605 1751 3703 simplicia
1764 3616 1851 3678 sunt
1864 3627 2031 3701 quaeque

1 3744 45 3781 *i
116 3650 124 3799 l
155 3756 234 3805 non
255 3757 393 3831 magna
413 3734 606 3833 indigeant
628 3734 836 3809 eruditione
863 3734 930 3809 sed
952 3761 977 3811 e
1002 3736 1129 3810 subtili
1156 3736 1280 3833 potius
1307 3746 1416 3831 atque
1443 3734 1560 3831 polito
1586 3732 1723 3809 iudicio
1752 3734 1967 3832 pulchrique
1994 3743 2034 3806 et

152 3857 282 3932 decori
309 3885 433 3953 sensu,
461 3860 577 3959 qualis
604 3862 675 3960 ipsi
699 3860 857 3935 Horatio
884 3862 1015 3957 inerat,
1045 3888 1217 3937 manasse
1244 3862 1451 3936 uideantur.
1502 3830 1623 3960 neque
1650 3862 1857 3937 sententiae
1883 3861 1968 3932 illae
1992 3858 2035 3933 in

156 3987 289 4084 quibua
315 3986 473 4066 Horatio
502 4002 654 4067 auctore
681 3990 786 4086 quasi
819 3968 1010 4067 cardineui
1045 3992 1133 4089 artis
1166 3991 1309 4067 uersari
1347 3990 1510 4067 uidimus
1535 3988 1878 4067 Alexandrinorum
1917 3982 2035 4062 indoli

152 4125 192 4188 et
218 4114 411 4191 doctrinae
439 4121 528 4193 satis
559 4120 805 4210 conueniunt,
844 4146 931 4193 oum
969 4144 1091 4217 neque
1130 4120 1281 4211 unitati,
1320 4145 1430 4218 quem
1468 4121 1596 4218 utique
1636 4117 1910 4192 obseruandam
1950 4140 2034 4189 ease

285 4433 308 4464 '⁸
326 4441 394 4501 quod
404 4441 603 4505 Neoptolemum
616 4445 648 4494 ‹ie
667 4444 861 4505 epigrammatis
876 4446 1014 4507 scripsisse
1023 4444 1174 4496 Athenaeus
1188 4443 1228 4511 itt,
1239 4440 1309 4495 titi
1325 4450 1444 4506 testatur,
1464 4444 1489 4493 id
1506 4444 1611 4504 quidem
1621 4443 1654 4492 ad
1664 4443 1752 4493 titulos
1763 4442 1847 4504 potius
1858 4441 1934 4503 lapidi
1946 4440 2033 4489 aeriae

153 4529 251 4580 incisos
280 4532 448 4583 referendum
476 4535 580 4586 uidetur
607 4548 685 4598 quam
712 4535 745 4584 ad
773 4536 987 4586 commentarium
1016 4536 1128 4598 aliquem
1157 4536 1190 4586 de
1213 4536 1263 4586 hoe
1293 4536 1381 4597 poesis
1404 4544 1499 4594 genere
1527 4533 1661 4594 scriptum.
1710 4544 1770 4581 uam
1798 4529 1925 4580 Athenaei
1952 4528 2035 4578 uerita

154 4620 218 4670 haec
236 4627 298 4671 suot
318 4617 513 4691 Νεοπτόλεμος
532 4620 560 4673 δ’
578 4620 592 4674 ὃ
612 4618 755 4693 nupturis
774 4621 805 4674 ir
823 4627 864 4692 τῷ
882 4622 945 4691 napi
966 4619 1190 4692 intypcpprirmr
1209 4622 1239 4674 ἐν
1252 4619 1414 4687 Χαλκηὰόνι
1435 4621 1520 4689 «μησὶν
1539 4617 1584 4670 dul
1604 4625 1653 4672 ret
1671 4617 1862 4690 Θρασυμάχου
1882 4623 1928 4668 roi·
1947 4632 2035 4689 (ξιφι-

150 4713 220 4760 crati
235 4706 381 4780 μνήματος
399 4710 618 4782 ἐπιγεγράφθαι
638 4712 700 4766 τάδε
721 4711 753 4766 τὸ
771 4713 939 4783 ἐπίγραμμα
959 4730 984 4763 ιι.
1007 4730 1030 4764 r.
1051 4714 1075 4763 l.
1104 4716 1225 4765 schum
1245 4721 1333 4765 auten
1351 4716 1403 4764 iam
1423 4720 1526 4764 ueteres
1547 4725 1654 4775 corpora
1673 4715 1870 4776 inscriptionum
1889 4711 2034 4775 instituere,

156 4800 234 4861 quale
257 4803 350 4852 tertius
374 4804 538 4866 astrologiae
559 4805 694 4857 ¹Palatinae
721 4807 786 4857 iiber
813 4806 892 4856 ratert
917 4807 963 4869 qui
990 4806 1028 4854 sic
1052 4807 1203 4856 inscribitur
1230 4802 1260 4854 ἐν
1282 4804 1395 4872 Kecteqi
1413 4803 1453 4856 alr
1473 4797 1521 4851 riv
1540 4796 1609 4850 ναὸν
1630 4798 1850 4863 'Auotteuaioe
1871 4805 1916 4863 ric
1932 4793 2036 4868 μητρὸς

154 4886 292 4942 ’Ariaiton
312 4893 359 4942 καὶ
377 4890 528 4963 Εὐμένους,
549 4891 749 4964 ἐπιγράμματα
769 4894 787 4946 ἃ
805 4891 898 4953 alerci
919 4891 1124 4946 etalomwixtc
1143 4895 1313 4963 ἐγέγραπτο,
1334 4896 1504 4962 reputarer
1524 4888 1708 4959 suartio-om
1726 4893 1858 4958 ἱστορίας,
1879 4888 1916 4948 οἷς
1936 4887 2036 4941 tium·

155 5001 265 5035 rcxrm.
305 4987 406 5036 similes
426 4987 483 5037 iibri
503 4993 728 5038 conmemorantur
745 4989 935 5039 Polemonis
955 4989 1100 5050 periegetae
1117 4989 1162 5049 qai
1182 4981 1354 5048 στηλοκόπας
1372 4985 1506 5035 mechatur
1524 4983 1570 5046 (ct.
1588 4984 1837 5034 rietterttotemon.
1855 4998 1880 5044 p.
1901 4979 1934 5031 li
1948 4980 2035 5042 seqq.)

155 5074 219 5144 περὶ
240 5079 296 5124 τῶν
316 5071 387 5125 uerri
406 5071 502 5132 πόλεις
521 5073 745 5145 ἐπιγραμμάτων
763 5078 889 5140 (ΡκΙΙοτ.
908 5092 935 5141 p.
960 5074 1010 5127 lili
1029 5078 1125 5141 atqui,
1153 5076 1346 5127 Phlluohorl
1365 5070 1568 5144 ἐπιγράμματα
1588 5068 1716 5137 Ἀττικά,
1744 5070 1952 5124 Arist-ademi
1970 5069 2036 5121 lwt-

156 5161 310 5236 γράμματα
331 5163 468 5234 oppetiti,
490 5168 622 5220 Crateri
641 5164 834 5238 rpqptqrseim
853 5162 1016 5235 enormi.
1053 5167 1122 5218 cuni.
1141 5167 1253 5219 hostib.
1273 5165 1350 5228 corp.
1370 5167 1452 5216 lator.
1472 5166 1565 5217 Graec.
1586 5162 1662 5215 uehi
1686 5164 1766 5226 prasi.
1797 5179 1821 5228 p.
1843 5163 1912 5212 Vtile
1943 5162 2035 5226 Fran,

157 5258 286 5310 elementa
306 5261 436 5323 epigraph.
458 5261 503 5312 Gr.
523 5275 549 5324 p.
570 5257 596 5312 t.
