4342 5722
930 139 944 180 ’·
1032 157 1080 231 aa

533 385 626 460 tibia
651 411 729 459 non
755 397 798 460 ut
821 410 923 460 nunc
949 386 1138 461 orichalco
1164 385 1290 461 iuncta
1317 387 1505 485 tubaeque
1541 464 1546 471 ,

499 588 514 611 ‚
533 515 691 608 aemula,
718 514 786 590 aed
810 515 936 599 tenuis
960 515 1195 613 simplexque
1220 514 1404 588 foramine
1430 540 1550 614 pauco

441 642 467 699 ⁸
497 620 515 649 ”
532 641 724 761 adspira&
750 654 789 717 et
809 643 947 741 'desse
974 643 1100 718 choris
1127 655 1205 737 erat
1233 644 1333 719 utilis
1359 655 1456 738 cett,
1518 726 1523 735 ,

114 799 159 847 ea
192 774 351 848 fortasse
384 798 463 846 non
495 773 620 869 inepte
656 770 702 844 ad
731 744 942 847 witonem
978 773 1185 846 referemus
1219 773 1282 872 qui
1307 761 1466 847 testib'us
1491 774 1642 847 Acrone
1670 785 1708 848 et
1733 773 1885 848 scholiis
1912 773 2001 851 Gru·

114 903 258 1000 quianis
284 901 331 975 ad
357 903 458 975 hunc
484 902 609 974 locum
636 901 701 993 ,ait
721 900 760 973 in
778 902 938 974 tertio⁷²
969 900 1247 999 disciplinarum
1275 914 1312 975 et
1338 901 1386 974 ad
1407 900 1624 976 Marcellum
1650 901 1696 975 de
1717 903 1846 1002 lingua
1867 903 2002 980 Latina

114 1043 289 1128 quattuor
322 1031 549 1120 foraminum
583 1029 698 1104 fuisse
732 1029 844 1104 tibias
878 1029 977 1128 apud
1004 1028 1187 1126 antiquos.
1241 1042 1279 1103 et
1304 1054 1344 1103 se
1372 1026 1493 1127 ipsuin
1520 1031 1572 1103 ait
1596 1031 1634 1103 in
1661 1032 1802 1129 templo
1828 1030 2001 1132 Marsyae

113 1160 250 1234 uidisse
271 1160 383 1233 tibias
405 1170 580 1258 quattuor
600 1159 838 1232 foraminum‘
864 1158 979 1255 (conf.
1002 1155 1107 1231 Seru.
1129 1157 1176 1231 ad
1190 1155 1304 1256 Verg.
1327 1158 1422 1232 Aen.
1446 1161 1480 1251 9,
1503 1161 1603 1257 618).
1645 1159 1780 1235 deinde
1803 1160 2001 1236 demetria

111 1287 234 1362 Varro
268 1290 307 1362 in
339 1289 444 1362 libris
478 1287 524 1361 de
551 1288 680 1387 lingua
705 1287 839 1362 Latina
864 1286 912 1360 ad
937 1285 1157 1360 Marcellum
1184 1287 1330 1385 scriptis
1357 1286 1611 1384 exposuit⁷³;
1643 1301 1838 1386 praeterea
1863 1291 1925 1363 uel
1950 1291 1998 1365 ab

109 1418 343 1517 Hieronymo
371 1415 555 1491 Stridensi
580 1417 620 1489 in
645 1416 768 1489 indice
794 1415 975 1489 librorum
1003 1440 1026 1487 a
1051 1412 1224 1488 Varrone
1252 1417 1591 1514 conpositorum⁷⁴
1618 1418 1680 1490 uel
1719 1419 1766 1490 ab
1807 1419 1888 1493 aliis
1922 1419 1999 1493 lau·

111 1546 247 1619 dantur
268 1547 347 1653 eius
368 1546 455 1619 libri
475 1545 522 1618 de
542 1546 727 1643 poematis
748 1547 885 1635 tres⁷⁶,
913 1542 960 1616 de
984 1543 1190 1643 originibus
1211 1569 1369 1625 scaenae
1389 1555 1477 1637 tres,
1503 1545 1550 1618 de
1580 1546 1760 1631 scaenicis
1787 1547 2000 1622 actionibus

108 1688 204 1769 tres,
245 1675 292 1748 de
329 1675 473 1749 actibus
505 1673 685 1748 scaenicis
716 1684 813 1765 tres,
852 1685 1001 1770 praeter
1035 1696 1100 1746 eos
1133 1672 1195 1770 qui
1226 1671 1273 1747 de
1308 1672 1480 1771 personis
1507 1698 1645 1771 eosque
1671 1674 1734 1772 qui
1759 1675 1998 1772 quaestiones

108 1802 302 1878 Plautinas
328 1805 551 1878 tractabant.
605 1803 759 1901 adparet
783 1802 896 1901 igitur
922 1799 1105 1874 Varronis
1131 1811 1346 1891 πολυγραφίαν
1372 1802 1490 1876 multa
1515 1802 1733 1900 praebuisse
1760 1804 1894 1902 quibus
1919 1802 1996 1878 Ho-

108 1934 224 2006 ratius
251 1934 304 2006 uti
330 1933 506 2030 potuerit,
533 1931 600 2005 sed
622 1931 773 2004 difficile
795 1931 865 2005 erit
885 1942 1056 2004 accurate
1078 1929 1233 2003 definire
1254 1954 1436 2045 quaenam
1459 1931 1498 2005 in
1519 1942 1598 2004 arte
1619 1932 1767 2028 poetica
1786 1959 1809 2005 a
1822 1932 1995 2008 Varrone

107 2076 209 2134 recte
231 2060 350 2159 repeti
371 2060 529 2159 possint,
554 2059 783 2157 praesertim¹
797 2084 882 2132 cum
903 2060 1014 2133 huius
1038 2059 1248 2158 fragmenta
1267 2084 1335 2156 per
1357 2059 1483 2133 omnia
1504 2059 1731 2157 antiquitatis
1751 2074 1996 2136 monumenta

109 2191 277 2288 dispersa
316 2190 437 2263 adhuc
477 2189 650 2263 conlecta
686 2214 764 2262 non
804 2189 896 2262 sint:
938 2212 1031 2285 quae
1063 2186 1212 2286 quidem
1250 2214 1340 2262 cura
1374 2201 1416 2262 ut
1449 2188 1668 2262 difficillima
1694 2201 1752 2264 est
1777 2215 1994 2289 summaque
2026 2172 2033 2185 ’

109 2330 147 2393 et
172 2319 366 2418 diligentia
393 2328 431 2391 et
456 2317 625 2395 acumine
652 2316 813 2416 indiget,
851 2317 904 2390 ita
936 2316 1024 2415 quin
1059 2316 1269 2390 uberrimos
1302 2318 1445 2392 fructus
1479 2318 1600 2392 latura
1634 2329 1671 2390 et
1695 2344 1814 2416 paene
1842 2331 1995 2395 cunctas

109 2448 317 2522 studiorum
345 2458 561 2521 nostrorum
587 2456 713 2544 partes
740 2471 841 2518 noua
865 2446 949 2519 luce
974 2445 1171 2542 perfusura
1197 2445 1246 2519 sit
1271 2445 1433 2520 dubitari
1462 2446 1599 2545 nequit
1626 2489 1677 2500 —

264 2704 344 2776 lam
379 2729 463 2778 cum
493 2704 580 2777 finis
612 2704 699 2778 huic
726 2702 920 2800 scriptioni
945 2702 1142 2779 faciendus
1169 2704 1232 2796 sit,
1258 2703 1436 2777 iudicium
1463 2714 1633 2777 nostrum
1659 2703 1825 2778 breuiter
1851 2705 1904 2778 ita
1930 2729 1993 2777 ex·

105 2835 326 2932 plicabimus
357 2845 397 2906 ut
423 2831 622 2907 Horatium
656 2832 822 2931 potuisse
849 2857 969 2930 pauca
996 2858 1019 2905 a
1042 2831 1292 2932 Neoptolemo
1319 2831 1506 2930 accipere,
1541 2857 1619 2906 non
1644 2833 1794 2906 nullae
1821 2831 1990 2908 Platonis

104 2961 394 3059 Aristotelisque
427 2962 574 3060 scriptis
607 2962 775 3037 hausisse
802 2961 938 3054 uideri,
969 2959 1152 3035 Romanis
1179 2986 1327 3071 quoque
1354 2960 1570 3036 auctoribus
1595 2961 1633 3035 in
1663 2958 1885 3059 quibusdam
1912 2963 1986 3037 for·

104 3102 203 3164 tasse
239 3117 348 3165 usum
373 3115 483 3184 esse,
518 3090 558 3163 in
591 3090 704 3189 longe
739 3115 831 3164 uero
850 3090 1026 3188 'plurimis
1052 3116 1141 3164 suae
1168 3090 1305 3164 mentis
1331 3114 1488 3163 acumen
1515 3114 1720 3189 sanumque
1746 3090 1924 3165 iudicium
1953 3101 1991 3165 et

48 3245 53 3252 ·
104 3245 209 3292 suam
238 3218 507 3318 experientiam
533 3230 702 3292 secutum
729 3243 810 3293 esse
833 3218 1012 3292 dicamus.
1050 3244 1121 3292 nec
1141 3229 1268 3291 tamen
1290 3218 1522 3316 propositam
1543 3218 1798 3317 quaestionem
1820 3219 1867 3292 ab
1889 3219 1992 3293 omni

102 3360 207 3446 parte
244 3348 451 3423 absoluisse
477 3348 588 3422 nobis
614 3346 804 3421 uidemur:
840 3347 939 3446 quod
967 3373 1040 3446 quo
1066 3348 1190 3421 minus
1215 3346 1323 3421 fieret
1351 3359 1390 3421 et
1415 3348 1573 3446 exiguae
1600 3359 1752 3421 nostrae
1780 3347 1880 3421 uires
1906 3373 1991 3445 pro·

102 3476 305 3550 hibuerunt
330 3488 368 3550 et
393 3476 508 3578 ipsius
535 3475 762 3575 quaestionis
789 3475 1000 3568 difficultas,
1026 3476 1163 3575 quippe
1185 3500 1279 3572 quae
1301 3474 1568 3572 amplissimam
1589 3487 1764 3574 posceret
1783 3489 1821 3550 et
1842 3501 1991 3549 accura-

101 3606 282 3679 tissimam
317 3605 577 3680 uniuersarum
612 3604 820 3679 litterarum
854 3605 1088 3704 antiquarum
1121 3603 1385 3703 cognitionem.
1445 3603 1580 3678 deinde
1615 3631 1736 3702 neque
1761 3622 1870 3678 ‘noua
1903 3617 1992 3678 sunt

101 3735 243 3807 maiore
273 3758 321 3806 ex
346 3747 452 3833 parte
471 3759 566 3832 quae
587 3734 821 3832 protulimus,
848 3759 933 3807 cum
960 3745 1062 3808 certa
1087 3733 1342 3832 potiusquam
1361 3732 1529 3806 inaudita
1548 3733 1700 3832 adsequi
1725 3733 1989 3828 studuerimus,

102 3887 172 3936 nec
199 3888 348 3962 semper
373 3888 519 3937 errores
545 3888 616 3936 nos
643 3862 803 3936 euitasse
831 3862 1078 3937 confidimus:

414 4003 506 4066 sunt
532 3992 820 4093 delictatamen
847 3992 981 4090 quibus
1007 3990 1197 4090 ignouisse
1224 3989 1366 4063 uelitis:

416 4147 505 4195 nam
531 4145 652 4217 neque
679 4117 822 4192 chorda
848 4145 983 4194 sonum
1011 4119 1134 4193 reddit
1160 4144 1271 4218 quem
1297 4119 1378 4192 uolt
1403 4143 1535 4193 manus
1563 4130 1600 4191 et
1625 4144 1734 4193 mens

417 4249 660 4347 poscentique
686 4272 839 4344 manem
865 4273 1045 4347 persaepe
1073 4249 1229 4323 remittit
1254 4259 1415 4340 acutum,

344 4412 350 4421 ·
417 4404 486 4452 nec
514 4401 662 4476 semper
687 4376 797 4450 feriet
822 4377 1083 4476 quodcumque
1110 4378 1314 4453 minabitur
1340 4401 1458 4452 arcus.

249 4600 279 4633 ’²
300 4601 466 4651 scribendum
486 4602 587 4652 uidetur
607 4601 648 4664 ,in
663 4599 791 4662 septimo‘
810 4572 1041 4651 ccutsllasenelm
1059 4602 1093 4651 da
1111 4601 1149 4651 ll.
1169 4601 1284 4652 Terentii
1303 4601 1428 4652 Varronis
1447 4600 1641 4665 disciplinarum
1662 4601 1750 4666 libris,
1775 4601 1881 4650 Bonnee
1904 4596 1983 4661 tart.

99 4702 124 4750 p.
145 4684 182 4738 2⁰
200 4702 255 4751 seq.

248 4779 278 4813 ’⁸
299 4781 367 4831 conl.
387 4782 556 4833 mirebellum
576 4783 593 4831 1.
615 4782 631 4832 l.
653 4796 678 4846 p.
697 4777 732 4832 (u
751 4793 826 4846 seqq.

246 4873 277 4903 Ν
299 4871 367 4922 conl.
387 4870 557 4924 Ritscbeliam
577 4875 603 4923 in
623 4885 691 4924 nouo
710 4884 801 4924 museo
812 4872 939 4922 nicaeno
953 4865 980 4936 d,
991 4864 1041 4920 481
1056 4881 1130 4931 seqq.
1151 4876 1178 4919 et
1196 4870 1222 4920 in
1242 4870 1392 4933 prohoemio
1410 4868 1504 4919 indicis
1523 4867 1671 4918 scholarum
1683 4867 1830 4918 bonnensis
1848 4863 1982 4921 rste-to.

247 4961 277 4992 ⁷⁵
299 4963 331 5013 de
349 4963 435 5025 poetis
455 4963 512 5013 libri
532 4970 586 5014 tres
604 4963 654 5015 bne
672 4977 724 5013 noa
744 4963 888 5027 pertinent,
908 4973 968 5012 cnm
988 4961 1014 5010 in
1029 4961 1073 5010 eis
1091 4960 1124 5010 dc
1148 4960 1273 5010 nomenis
1298 4966 1401 5011 uncum
1426 4961 1509 5038 pactis
1533 4970 1620 5009 memo
1645 4956 1727 5007 luisse
1750 4957 1884 5024 uideatur,
1910 4959 1979 5009 cani.

97 5049 284 5117 mustellam,
305 5064 431 5116 parergon
453 5048 546 5116 1,le
571 5036 597 5103 et
614 5054 641 5103 tu
661 5066 730 5135 nonq
749 5064 842 5104 museo
860 5052 987 5102 Bheneno
1005 5044 1032 5116 6,
1052 5045 1115 5100 515.
