4342 5722
950 229 1265 241 Qn-o-o--u-u—--“

158 348 420 422 conaminibus
447 347 583 445 spretis
601 346 753 419 tertium
777 347 1022 444 interpretum
1045 371 1163 444 genus
1184 373 1306 443 neque
1330 358 1448 420 artem
1471 346 1657 443 poetieam
1670 344 1868 418 Horatium
1892 343 2056 417 scribere

157 475 324 548 uoluisse
353 475 482 548 statuit
507 499 628 571 neque
655 475 693 545 in
720 474 852 547 uitium
881 475 928 546 ab
955 475 1036 571 ipso
1063 475 1333 571 reprehensum
1361 474 1548 558 incidisse,
1585 473 1685 570 quod
1711 498 1788 545 non
1816 483 1991 569 potenter
2016 494 2057 544 re

157 602 257 675 lecta
293 603 424 675 ordine
461 602 666 693 deseratur,
707 602 774 675 sed
808 603 931 676 inesse
967 602 1072 698 operi
1106 628 1213 676 suum
1250 603 1432 694 ordinem,
1473 627 1557 674 eum
1585 613 1711 673 tamen
1739 625 1816 672 non
1844 599 1991 696 qualem
2019 598 2057 670 in

158 741 238 802 arte
267 755 348 803 esse
378 730 521 822 deceat,
550 730 616 803 sed
644 756 663 802 e
691 730 869 827 peculiari
899 729 1079 827 epistulae
1108 731 1265 803 consilio
1287 731 1509 828 profectum.
1563 727 1664 826 quod
1685 727 1835 825 quidem
1859 726 2058 799 consilium

158 857 266 955 quale
295 858 343 931 sit
370 871 408 930 et·
434 859 556 955 ipsum
584 859 823 955 disceptatur,
851 883 936 930 oum
963 858 1025 929 alii
1053 858 1205 931 satiram
1232 858 1270 929 in
1299 859 1355 930 sui
1383 858 1521 931 saeculi
1549 868 1692 956 poetas,
1728 855 1928 953 praecipue
1964 879 2056 926 uero

156 983 197 1056 in
224 983 480 1058 Romanorum
510 985 640 1058 drama
666 986 762 1059 libro
790 984 999 1058 Horatiano
1027 985 1223 1077 contineri,
1251 987 1312 1058 alii
1339 997 1491 1082 poetam
1518 985 1692 1081 aequales
1720 1008 1809 1057 suos
1836 1008 1858 1054 a
1885 980 2057 1054 uersibus

156 1111 340 1185 faciendis
376 1112 577 1205 dehortari,
618 1114 680 1186 alii
712 1114 872 1210 denique
908 1114 1086 1212 signifero
1114 1112 1312 1187 Wielando
1349 1140 1434 1187 eum
1461 1112 1640 1186 Pisonem
1670 1112 1788 1185 filium
1824 1121 1915 1183 natu
1941 1109 2056 1182 maio·

157 1262 240 1312 rem
276 1240 354 1312 siue
390 1241 543 1313 omnino
580 1267 602 1313 a
633 1252 807 1339 poemate
848 1240 1047 1315 condendo
1088 1242 1167 1314 siue
1208 1267 1230 1313 a
1269 1242 1398 1315 fabula
1436 1240 1636 1315 scribenda
1662 1240 1852 1314 deterrere
1880 1237 2057 1311 iudicent.

158 1390 316 1463 quarum
353 1368 623 1441 sententiarum
656 1369 719 1465 qui
753 1394 937 1466 quamque
972 1380 1149 1442 tueantur
1175 1394 1322 1467 quaque
1351 1370 1496 1443 ratione
1524 1368 1662 1467 singuli
1690 1369 1787 1440 inter
1814 1391 1854 1439 se
1882 1364 2057 1439 differant

159 1518 382 1568 enumerare
407 1519 531 1592 neque
560 1520 608 1568 ex
637 1497 795 1569 consilio
823 1496 934 1570 huius
962 1497 1177 1594 scriptionis
1201 1523 1272 1571 nec
1301 1523 1395 1596 opus
1423 1509 1481 1570 est
1505 1509 1594 1595 post
1619 1496 1812 1594 copiosam
1833 1492 2056 1567 Streuberi⁸

156 1621 460 1720 breuioremque,
496 1623 720 1720 quibusdam
756 1649 848 1698 uero
881 1625 920 1697 in
951 1625 1065 1698 rebus
1097 1626 1386 1725 locupletiorem
1412 1624 1624 1724 Hilgersii‘
1661 1623 1954 1697 enarrationem:
1995 1619 2061 1693 hic

158 1748 248 1848 qnid
274 1750 356 1848 ipse
382 1751 542 1825 sentiam
568 1751 734 1825 breuiter
764 1776 954 1851 exponere
984 1753 1132 1827 sufficit.

320 1902 430 1994 Quod
458 1906 489 1980 si
515 1904 608 1980 illud
635 1907 739 2004 quod
762 1909 842 2005 ipse
869 1920 983 2007 poeta
1008 1910 1047 1982 in
1074 1909 1258 2006 principio
1296 1908 1477 2006 epistulae
1504 1906 1612 2005 ponit
1637 1916 1879 2004 praeceptum
1908 1902 1954 1976 de
1982 1927 2058 1975 una

159 2040 270 2129 atque
309 2032 467 2129 simplici
502 2035 687 2131 poematis
719 2046 855 2108 natura
881 2036 1173 2128 consideramus,
1214 2062 1330 2110 unum
1370 2034 1557 2133 quendam
1598 2032 1708 2106 huius
1746 2057 1892 2130 quoque
1933 2030 2057 2127 operis

158 2156 274 2230 finem
313 2184 503 2259 unumque
545 2161 743 2235 eonsilium
783 2187 865 2235 esse
902 2174 1076 2260 oportere
1109 2162 1371 2237 concedemus.
1425 2163 1527 2259 atqui
1562 2162 1687 2235 statim
1722 2160 1850 2257 primis
1884 2157 2057 2231 uersibus

157 2282 339 2359 Horatius
377 2288 561 2385 poematis
596 2288 696 2381 mali,
737 2290 873 2387 quippe
906 2302 985 2363 arte
1020 2302 1058 2364 et
1090 2291 1232 2364 unitate
1270 2291 1442 2381 carentis,
1483 2288 1646 2387 speciem
1674 2286 1889 2375 adumbrat3
1931 2284 2056 2358 denuo

160 2413 340 2487 extremis
379 2416 518 2488 malum
558 2428 710 2514 poetam
749 2418 847 2491 salse
888 2416 1066 2492 describit
1107 2444 1127 2491 a
1169 2419 1312 2492 cunctis
1360 2418 1500 2516 pariter
1539 2416 1697 2489 uitatum
1737 2426 1847 2512 atque
1881 2410 2056 2485 derisum.

158 2541 400 2616 manifestum
427 2553 484 2617 est
511 2543 624 2617 finem
653 2544 833 2642 epistulae
862 2544 910 2617 ad
936 2545 1081 2620 initium
1108 2546 1251 2636 redire;
1292 2571 1414 2643 neque
1445 2544 1518 2617 hoc
1552 2543 1632 2617 sine
1668 2568 1781 2616 causa
1806 2543 1946 2614 factum
1974 2561 2057 2612 esse

158 2669 320 2766 putabis,
361 2669 428 2744 sed
466 2671 560 2744 haec
600 2673 772 2769 exempla
811 2684 939 2770 aperte
975 2701 1020 2748 eo
1057 2687 1229 2773 spectant
1258 2686 1301 2748 ut
1333 2671 1580 2748 monstranda
1613 2669 1832 2745 difficultate
1868 2668 2058 2765 dubioque

160 2808 300 2870 euentu
333 2823 465 2873 uersus
500 2799 693 2874 faciendos
729 2799 980 2876 dissuadeant.
1034 2814 1072 2876 et
1103 2803 1233 2877 similis
1262 2802 1408 2876 consilii
1434 2800 1593 2900 uestigia
1620 2824 1687 2898 per
1713 2808 1832 2872 totam
1860 2796 2058 2894 epistulam

161 3091 243 3137 totam
264 3089 403 3150 epistniam
423 3090 450 3139 in
470 3091 535 3141 duas
554 3097 642 3154 partes
662 3092 806 3156 bipertitas,
826 3107 936 3157 quarum
957 3096 1039 3145 aitera
1061 3090 1113 3146 196
1132 3109 1255 3146 uersuum
1276 3097 1309 3146 ad
1328 3102 1429 3157 patrem
1449 3101 1476 3143 et
1494 3093 1562 3143 iiiios
1581 3091 1618 3154 (o.
1640 3089 1683 3142 61.
1703 3088 1746 3142 38.
1764 3082 2056 3140 635.668.616.67·1.

160 3171 225 3239 aar,
246 3189 312 3238 qnos
333 3179 404 3230 iocos
424 3181 468 3242 qni
488 3182 629 3242 inspexerit
648 3182 746 3232 uidebit
766 3195 844 3243 quam
864 3185 914 3233 inni
934 3184 1104 3235 fundamento
1124 3187 1188 3235 naec
1208 3187 1349 3248 disputatio
1368 3184 1497 3248 nitatur),
1521 3185 1602 3233 attera
1622 3178 1677 3233 ‘2⁴9
1695 3193 1819 3232 uersuum
1839 3180 1872 3229 ad
1891 3178 1973 3228 iiiinm
1995 3183 2057 3226 natu

161 3267 288 3317 maiorem
307 3271 458 3332 scriptasit
486 3268 569 3334 (166.
600 3268 657 3322 153.
687 3267 746 3322 iso.
775 3269 834 3322 usa.
864 3270 921 3323 168.
947 3272 1009 3326 368.
1037 3271 1100 3326 666.
1127 3271 1271 3326 381167.
1294 3272 1355 3325 626.
1378 3271 1462 3338 idon
1491 3275 1565 3324 iiiam
1583 3279 1670 3324 autem
1690 3284 1704 3322 ι
1722 3285 1748 3322 ιι.
1770 3268 1814 3336 ti,
1835 3271 1901 3320 itane
1920 3281 1935 3317 a
1954 3261 2056 3329 aaut

160 3356 274 3421 incohat,
294 3364 375 3409 totam
395 3360 509 3422 dentque
528 3362 667 3424 epistulam
686 3375 712 3411 ιι.
733 3357 789 3412 366
806 3364 910 3414 ι1ιιιι111.
960 3367 1029 3415 intra
1048 3368 1097 3416 iras
1115 3373 1202 3429 partes
1222 3367 1348 3428 piurimos
1366 3376 1461 3415 nereus
1480 3366 1560 3415 sedes
1577 3369 1728 3413 connatam
1746 3362 1840 3420 iussit,
1869 3360 1895 3410 id
1922 3358 1992 3420 quod
2020 3359 2063 3406 itae

163 3446 304 3498 daiandcra
332 3451 420 3500 studet
447 3458 476 3501 ut
502 3453 669 3515 archetypum
688 3453 792 3514 triginta
812 3466 857 3504 ser
876 3457 1028 3518 paginarum
1057 3458 1139 3507 inisse
1167 3462 1282 3520 statuat,
1312 3469 1379 3517 qnae
1405 3454 1524 3515 singulae
1548 3460 1637 3503 ternos
1657 3455 1739 3503 denos
1759 3463 1851 3502 narsus
1871 3448 2057 3508 coannnertnt,

163 3542 288 3599 naattnor
307 3541 437 3607 exeeptis,
466 3553 579 3602 nuatum
596 3544 663 3592 dnae
682 3545 791 3593 duarum
811 3543 914 3594 iliarum
935 3547 1048 3606 partium
1067 3552 1197 3596 extremae
1216 3547 1363 3609 finguntur,
1393 3545 1461 3594 dnae
1478 3546 1513 3593 ita
1533 3544 1703 3593 conlocantur
1721 3548 1749 3592 nt
1769 3543 1836 3591 tinas
1854 3545 1942 3601 partes
1960 3539 2063 3588 iterata

160 3627 288 3677 diuidam.
340 3631 388 3679 has
407 3633 516 3693 paginas
534 3643 597 3691 casn
615 3632 728 3692 eandam
748 3633 855 3682 iortuito
873 3636 1040 3695 perennans
1059 3647 1119 3685 esse
1138 3636 1242 3686 Ostama
1263 3641 1344 3697 putat.
1402 3635 1485 3684 miros
1514 3646 1579 3685 sane
1607 3645 1695 3693 casas,
1725 3632 1768 3693 qni
1798 3630 1930 3680 Ciceronis
1959 3629 1980 3677 si
2007 3627 2064 3677 dae

162 3718 277 3779 piscaret
296 3719 500 3781 iranmentornm
520 3722 553 3770 de
572 3721 632 3771 iato⁴
645 3734 728 3784 anper
746 3731 908 3785 repertorum
930 3729 1083 3777 memoriam
1103 3735 1215 3778 reuocat.
1254 3739 1315 3777 narn
1335 3723 1447 3789 quidde
1467 3736 1498 3773 eo
1517 3725 1636 3773 dicemus
1654 3722 1723 3784 quati
1743 3721 1769 3769 in
1785 3730 1836 3770 ana
1852 3719 1946 3768 sonada
1963 3717 2063 3778 pagina

164 3809 278 3871 septima
298 3817 327 3860 et
344 3812 437 3873 pansa
457 3813 582 3870 uicesima
602 3795 695 3877 prima,
719 3814 746 3863 in
765 3815 815 3862 aiis
835 3814 929 3865 deinde
948 3818 1072 3868 uicesima
1091 3823 1183 3867 octaua
1202 3823 1229 3867 ct
1248 3818 1324 3867 tertia
1343 3817 1453 3878 decima,
1482 3815 1509 3863 in
1528 3813 1578 3862 aiia
1598 3813 1723 3861 nieesiara
1743 3817 1839 3874 quarta·
1854 3814 1882 3859 ιι
1900 3809 2009 3869 dadan,
2029 3807 2064 3855 in

161 3899 215 3948 aiis
235 3901 437 3950 undetricesima
458 3908 484 3951 et
503 3903 634 3953 tricesima
655 3905 771 3953 secunda
791 3905 981 3956 coniocentnrt
1018 3908 1067 3957 hoe
1085 3909 1190 3971 quidem
1209 3909 1280 3957 nuiio
1300 3908 1377 3956 modo
1398 3905 1453 3955 deri
1473 3904 1565 3966 potnit
1603 3914 1689 3964 nenne
1708 3897 2064 3961 minas-insignemque&

162 3989 254 4041 aedem
275 3992 370 4053 pagina
389 4004 468 4054 saepe
484 4005 579 4044 uersus
598 4005 612 4043 e
632 3995 745 4045 maxime
764 3994 875 4048 diuersis
895 3998 1021 4047 carminis
1038 3999 1156 4059 perunna
1175 4000 1376 4060 coniunguntur,
1394 3997 1468 4047 uatnt
1487 3996 1555 4058 quod
1576 3995 1603 4045 in
1623 3992 1869 4057 paginamndeeims
1890 3990 2019 4051 archetypi
2030 3989 2055 4037 ui

162 4091 257 4139 uersus
278 4081 360 4132 inisse
378 4083 499 4135 dieantur
522 4079 850 4135 ιιι-1361111443.
875 4081 1025 4150 tao-ina,
1054 4089 1081 4137 iu
1106 4090 1199 4151 pagina
1218 4090 1346 4139 niceana.
1362 4083 1520 4139 aia-att.
1539 4079 1834 4137 ιιι-16116145.
1889 4094 1969 4142 qnam
2000 4093 2059 4130 aem

163 4183 216 4233 nno
236 4173 313 4223 inodo
332 4174 491 4235 crpitoemrss
510 4188 561 4224 non
582 4175 718 4225 habemus.
756 4175 800 4238 qui
819 4175 913 4227 deinde
933 4190 1029 4228 narsus
1045 4180 1215 4229 abundabant
1234 4191 1283 4228 eos
1297 4185 1326 4228 ut
1345 4178 1449 4239 spurios
1469 4178 1558 4227 missis
1578 4175 1733 4236 ambagibus
1752 4173 1831 4223 eiecit
1847 4173 1950 4233 ursuni.
1975 4171 2058 4220 instas

164 4273 214 4313 sno
233 4262 341 4312 noterio
359 4265 447 4317 omnia
468 4266 587 4326 regentia
599 4266 767 4326 miserosque
783 4266 848 4317 iiios
862 4268 942 4319 nimis
959 4270 1108 4321 obstinatos
1127 4270 1283 4333 relegentis,
1304 4274 1366 4319 sont
1384 4274 1472 4318 autem
1492 4268 1537 4318 iii:
1558 4262 1602 4316 66.
1614 4264 1658 4314 66.
1678 4259 1722 4315 66.
1745 4259 1804 4313 166.
1829 4258 1888 4314 iit..
1909 4258 1971 4312 254
1993 4256 2057 4310 361.

164 4347 229 4401 668.
259 4349 337 4401 aio..
353 4349 488 4404 asu-ai.
518 4350 581 4404 361.
611 4351 673 4406 365.
694 4353 746 4409 aiis
776 4365 800 4408 et
818 4359 911 4420 pratia
941 4384 975 4397 -ο
1003 4357 1062 4408 aiiii-
1079 4359 1157 4422 fint's..
1208 4371 1319 4421 quorum
1345 4359 1389 4409 aiii
1414 4359 1506 4411 omissi
1524 4357 1682 4407 sententiam
1705 4355 1876 4416 pessundant,
1906 4353 1949 4401 aiii
1968 4352 2020 4401 iam
2042 4364 2064 4401 a.

163 4442 298 4495 ueteribus
316 4446 493 4505 grammaticis
513 4446 660 4508 iaudanmr,
679 4446 753 4496 uelut
772 4461 798 4499 ιι.
818 4444 853 4499 st
878 4461 892 4496 a
913 4447 1004 4499 &rute
1022 4456 1050 4499 et
1068 4451 1210 4501 Pristinus.
1249 4461 1408 4512 quamquam
1430 4449 1506 4509 igitur
1536 4453 1588 4497 tam
1618 4451 1723 4496 uetusta
1752 4445 1901 4507 perhibetur
1929 4442 2060 4504 epistniaa

163 4532 339 4596 interpolatio,
373 4539 459 4585 umen
488 4536 513 4585 in
540 4537 624 4597 prime
651 4537 746 4598 pagina
773 4546 832 4588 octo
859 4544 960 4592 tanturn
979 4551 1075 4591 uersus
1097 4541 1188 4602 scripti
1205 4541 1287 4591 inisse
1307 4541 1437 4604 dieantur,
1463 4539 1564 4589 scilieet
1583 4543 1613 4587 nt
1631 4538 1747 4597 quinque
1767 4536 1921 4584 reiieuorum
1942 4532 2062 4594 spatium

164 4623 256 4673 titnius
268 4623 540 4687 epistniaaespieret:
561 4637 639 4685 quem
659 4639 759 4677 morem
778 4628 863 4678 muito
881 4630 986 4682 demum
1006 4635 1067 4691 post
1083 4632 1227 4681 inoainissc
1247 4632 1313 4682 satia
1331 4635 1444 4681 constat.
1483 4629 1514 4680 ad
1535 4629 1598 4678 isaer.
1617 4627 1706 4677 omnia
1724 4625 1823 4675 aceedit
1843 4623 1908 4672 mira
1928 4621 2058 4682 quaedam

164 4712 191 4761 in
219 4712 329 4775 singuiis
357 4713 546 4764 constituendis
575 4719 601 4763 nt
629 4695 803 4778 disponendis-
826 4719 913 4771 iudicii
942 4721 1110 4784 peruersitas,
1139 4721 1221 4771 neiuti
1249 4734 1309 4772 enm
1335 4723 1400 4772 iiber
1419 4721 1509 4771 flniun
1528 4720 1577 4769 iroc
1604 4730 1684 4769 uersu
1712 4729 1802 4766 ueram
1821 4714 1896 4776 operi
1915 4714 1992 4775 ionpn
2012 4711 2059 4775 sas

165 4809 203 4852 eat
230 4803 354 4866 obrepere
381 4816 512 4853 somnum.
569 4805 649 4869 ,hanc
678 4806 834 4868 epistoiam‘
863 4809 946 4872 inquit
973 4823 1039 4872 ,non
1070 4810 1219 4875 immerito,
1247 4823 1321 4862 snam
1347 4811 1403 4873 ipse
1423 4811 1535 4859 miratus
1554 4808 1720 4872 industriam,
1750 4817 1816 4867 opus
1836 4805 1940 4864 ionssum
1960 4800 2056 4862 appei-

165 4892 249 4943 ianit‘.
292 4894 372 4942 risum
393 4895 512 4959 teneatis,
533 4895 621 4944 amici.

316 5016 378 5070 ‘de
397 5021 429 5083 Q.
450 5023 550 5072 Horatii
571 5025 654 5074 Fiacci
674 5027 706 5075 ad
726 5026 837 5075 Pisones
857 5028 976 5091 epistota,
996 5028 1109 5078 Basiliae
1132 5024 1210 5094 1866,
1232 5044 1257 5091 p.
1279 5022 1381 5078 o-ts.

315 5143 376 5199 ‘da
395 5150 485 5212 Quinti
504 5150 604 5202 Horatii
624 5154 709 5202 Fiacei
729 5155 839 5217 epistota
859 5157 890 5205 ad
911 5157 1029 5221 Pisones,
1051 5158 1156 5208 Βοιιιιο
1179 5153 1257 5220 isto,
1278 5170 1304 5219 p.
1316 5150 1415 5205 s-att
1433 5148 1551 5203 55-58.
1572 5152 1604 5202 ci.
1625 5152 1798 5208 danastrum,
1819 5146 1911 5195 idritiir
1928 5143 1983 5192 und
2002 5142 2056 5191 Er·

165 5236 281 5303 tidrunp
301 5241 350 5288 der
367 5243 541 5292 terasiaaten
562 5242 696 5309 Gedieite,
717 5244 743 5308 t,
765 5243 782 5295 ⁸2
801 5247 976 5309 (Brunsnigas
1000 5244 1080 5311 titas)
1099 5262 1123 5308 p.
1145 5240 1299 5296 asa-tit.
