4342 5722
1051 91 1096 164 16

28 392 31 400 ,
134 321 298 394 tineatur
322 320 481 393 fumasse
509 345 558 393 ex
582 317 831 417 Neoptolemo
858 318 1030 392 haustam
1058 344 1151 393 esse.
1203 345 1297 417 quae
1324 320 1423 393 enim
1448 319 1502 393 ibi
1533 320 1707 418 leguntur
1725 321 1792 394 uix
1813 319 2016 418 exscripto

136 449 258 546 aliquo
285 448 528 546 grammatico
563 448 787 546 deprompta
820 446 887 520 sed
919 448 1012 521 locis
1051 449 1175 545 potius
1212 449 1462 523 conmuuibus
1500 459 1695 546 poetarum
1735 448 2020 522 adnumeranda

138 589 235 669 sunt,
274 577 389 651 ueluti
423 565 599 674 Orpheus
634 602 745 649 carm.
776 579 816 669 1,
846 579 890 648 12
919 586 957 650 et
984 578 1051 667 24,
1090 577 1279 675 Amphion
1307 604 1418 651 carm.
1447 580 1482 670 3,
1511 583 1568 651 ll.
1596 601 1677 676 epp.
1707 582 1739 668 l,
1770 579 1814 650 18
1857 576 2021 651 similem

136 706 176 779 in
202 704 357 778 modum
392 717 738 797 conmemorantur,
778 703 972 801 sequentia
1004 703 1164 801 denique
1184 699 1280 779 ‘cum
1308 706 1481 780 laudibus
1507 707 1633 804 poesis
1662 703 1841 803 epistulae
1869 704 1921 778 ad'
1939 703 2016 776 Au·

136 847 287 934 gustum
312 834 461 907 insertis
498 834 693 930 conparari
726 844 895 931 possunt.
959 833 1096 906 rectius
1134 834 1295 908 fortasse
1334 835 1435 908 idem
1475 832 1637 909 Orellius
1677 833 1857 931 quaeda
1898 833 2016 930 elegia

138 963 327 1060 disputata
353 962 789 1060 supra'examinauimus
815 962 862 1036 ad
888 960 1179 1059 Neoptolemum
1204 962 1327 1036 redire
1362 974 1479 1061 putat,
1517 965 1730 1060 factumque
1772 976 1866 1035 esse
1893 973 2021 1058 potest

4 1097 9 1113 '
139 1103 182 1165 ut
193 1088 372 1164 Horatius
387 1116 480 1188 quae
494 1103 533 1165 et
550 1117 573 1163 a
585 1116 619 1164 u.
636 1093 811 1164 73·etau.
826 1094 897 1164 401
915 1102 1074 1183 enarrat,
1096 1089 1232 1164 deiude
1246 1091 1346 1188 quod
1362 1091 1408 1164 de
1424 1089 1599 1165 Choerilo
1610 1091 1704 1167 ‚dicit
1717 1090 1828 1189 (conl.
1843 1114 1925 1187 epp.
1939 1091 2022 1181 2,·1,

140 1221 211 1292 231
253 1231 368 1317 seqq.)
414 1244 462 1292 ex
501 1219 566 1293 illo
606 1219 848 1317 expresserit,
888 1243 1112 1317 quamquam
1150 1245 1199 1291 ne
1232 1219 1304 1293 hoc
1341 1218 1489 1318 quidem
1526 1232 1732 1294 statuamus
1768 1243 1920 1292 necesse
1950 1230 2019 1291 est.

138 1360 237 1422 certe
265 1373 359 1445 quae
387 1373 420 1421 u.
449 1351 494 1420 27
499 1351 520 1421 5
561 1347 608 1421 de
638 1346 824 1445 Thespide
855 1347 1144 1446 tragoediaeque
1178 1348 1391 1445 primordiis
1423 1361 1622 1424 narrantur
1655 1361 1712 1422 tot
1738 1348 1925 1421 erroribus
1951 1349 2020 1419 fal·

138 1477 263 1573 sisque
289 1477 658 1575 interpretationibus
698 1477 770 1576 (de
805 1478 938 1575 quibus
972 1479 1196 1575 interpretes
1231 1490 1269 1550 et
1302 1478 1456 1576 eosqui
1482 1478 1529 1551 de
1557 1479 1764 1551 litterarum
1790 1475 2018 1550 Graecarum

136 1604 293 1680 historia
320 1607 550 1704 scripserunt
575 1607 765 1703 consulas)
792 1608 931 1680 referta
957 1620 1044 1681 sunt
1069 1619 1112 1680 ut
1137 1607 1203 1680 uix
1229 1606 1457 1679 adducamur
1485 1631 1529 1679 ea
1555 1633 1575 1677 a
1598 1605 1841 1704 grammatico
1855 1605 2020 1677 Alexan·

138 1732 246 1807 drino
272 1735 325 1807 ita
351 1733 446 1808 tradi
473 1735 663 1833 potuisse3
706 1760 800 1832 quae
834 1747 961 1808 tamen
997 1734 1043 1808 de
1071 1735 1261 1835 Aeschylo
1295 1748 1333 1808 et
1364 1734 1412 1808 de
1444 1737 1528 1834 lege
1561 1760 1634 1831 qua
1660 1732 1877 1808 comoediae
1904 1733 2021 1805 nimia

138 1862 290 1936 licentia
317 1874 426 1960 atque
453 1864 660 1961 petulantia
686 1864 848 1938 coercita
876 1865 925 1939 sit
950 1864 1075 1938 statim
1102 1877 1279 1938 secuntur
1312 1865 1471 1938 certiore
1506 1864 1674 1937 nituntur
1699 1862 1944 1936 fundamento
1961 1864 2020 1933 ³⁴.

126 1966 299 2089 'denique
326 2016 419 2090 quae
447 1992 494 2064 dc
520 1991 689 2066 dramate
716 1993 877 2093 satyrico
903 1992 1100 2066 traduntur
1126 1997 1225 2087 (220
1252 1995 1378 2091 seqq.)
1413 1979 1647 2091 generaliora
1679 1992 1758 2063 fere
1785 2002 1871 2063 sunt
1896 2013 2019 2086 neque

139 2144 184 2193 ea
220 2119 396 2193 uidentur
435 2145 593 2216 quorum
633 2134 775 2196 certum
815 2120 1002 2220 quendam
1041 2134 1232 2196 auctorem
1272 2147 1516 2219 quaeramus;
1564 2122 1653 2194 item
1692 2129 1932 2217 praeceptum
1972 2116 2021 2190 de

137 2272 294 2322 numero
321 2274 566 2346 personarum
593 2251 631 2323 in
658 2250 852 2349 tragoedia
878 2248 1173 2323 adhibendarum
1201 2252 1307 2350 (192)
1336 2276 1385 2322 ex
1410 2250 1549 2347 ipsisne
1575 2248 1779 2347 tragoediis
1802 2273 1849 2320 an
1872 2243 2021 2318 aliunde

139 2375 319 2450 Horatius
345 2377 494 2475 petierit
518 2377 680 2451 discerni
706 2380 769 2451 uix
795 2380 956 2477 poterit3
984 2380 1142 2452 alterum
1167 2379 1260 2453 illud
1287 2377 1419 2452 dedeo
1448 2403 1496 2450 ex
1522 2377 1694 2450 machina
1714 2402 1791 2449 non
1806 2372 2021 2447 adhibendo

142 2506 248 2604 (191)
284 2532 361 2580 non
387 2531 541 2604 prorsus
575 2507 858 2605 inprobabiliter
884 2506 1018 2580 Daniel
1044 2506 1220 2581 Heinsius
1252 2509 1276 2580 l.
1302 2508 1325 2580 l.
1353 2533 1387 2604 p.
1415 2509 1461 2579 85
1498 2505 1546 2578 ad
1572 2503 1860 2603 Neoptolemum
1896 2503 2022 2593 refert

141 2659 235 2732 quae
263 2646 387 2708 autem
415 2635 462 2708 de
490 2635 606 2708 choro
633 2648 671 2708 et
697 2635 744 2708 de
771 2636 1052 2733 antiquitatibus
1078 2636 1192 2710 tibiae
1220 2648 1458 2734 exponuntur
1484 2637 1573 2729 (193
1602 2637 1737 2732 seqq),
1771 2633 1812 2705 in
1847 2632 1901 2704 eis
1928 2630 2025 2702 mira

142 2762 325 2861 quaedam
351 2761 605 2837 Romanarum
632 2760 933 2861 Graecarumque
960 2790 1085 2837 rerum
1113 2767 1283 2839 confusio
1311 2764 1475 2862 adparet,
1504 2765 1627 2860 itaque
1655 2789 1677 2834 a
1696 2760 1841 2835 Graeco
1869 2772 2021 2832 auctore

139 2892 308 2989 profecta
332 2917 411 2965 nou
437 2904 524 2965 suut
550 2890 604 2989 (id
631 2891 730 2990 quod
756 2891 1022 2993 Bernhardyus
1051 2894 1097 2966 de
1124 2892 1214 2967 Hor.
1242 2919 1299 2990 ep.
1327 2892 1374 2965 ad
1400 2891 1473 2996 Pis.
1501 2918 1535 2988 p.
1565 2894 1609 2962 12
1638 2891 1793 2984 statuit).

299 3174 426 3249 Pauca
463 3178 576 3274 igitur
617 3191 705 3253 suut
743 3205 836 3277 quae
879 3180 1000 3278 aliqua
1041 3205 1125 3252 cum
1170 3178 1433 3276 probabilitate
1467 3174 1645 3249 Horatius
1681 3200 1729 3248 ex
1772 3171 2021 3270 Neoptolemo

143 3312 368 3402 ,congerere‘
397 3306 563 3404 potuisse
591 3307 780 3400 uideatur,
820 3322 861 3381 ut
899 3307 999 3406 quod
1032 3306 1242 3408 Porphyrio
1283 3310 1397 3380 refert
1435 3308 1578 3379 fumum
1613 3304 1737 3402 potius
1764 3327 1875 3397 quam
1900 3301 2027 3373 lucem

145 3433 288 3507 adferat
314 3447 466 3508 nostrae
493 3437 711 3534 quaestioni.
776 3438 899 3536 itaque
935 3437 1020 3527 iam,
1061 3463 1146 3509 cum
1173 3434 1318 3508 eliade
1346 3434 1560 3508 auctoribus
1588 3433 1634 3505 ab
1663 3430 1820 3505 Horatio
1848 3428 2025 3501 adhibitis

43 3664 44 3667 Ἴ
144 3587 223 3636 uon
256 3563 462 3657 tradantur,
501 3565 691 3638 nobismet
728 3565 817 3663 ipsis
849 3566 1055 3664 periculum
1089 3565 1300 3638 faciendum
1330 3579 1386 3637 est
1413 3563 1533 3661 siquid
1560 3561 1605 3633 dc
1634 3562 1702 3632 hac
1729 3585 1769 3633 re
1796 3557 2025 3654 inuestigare

144 3692 340 3788 possimus.
394 3719 464 3767 nec
489 3705 615 3766 tamen
643 3692 855 3767 Dacierium
872 3697 916 3746 ³⁶
959 3719 1131 3768 curamus
1167 3695 1228 3792 qui
1258 3703 1406 3791 praeter
1430 3688 1692 3789 Neptolemum
1720 3702 1757 3761 et
1783 3686 2026 3760 Aristotelem

145 3818 208 3914 (de
237 3847 310 3917 quo
338 3821 434 3894 infra
459 3821 628 3919 pluribus
662 3825 893 3920 exponetur)
935 3848 954 3896 e
991 3822 1144 3897 Critone
1170 3820 1321 3894 Zenone
1348 3819 1565 3893 Democrito
1601 3828 1801 3916 praecepta
1825 3813 2026 3887 Horatium

145 3949 347 4023 contulisse
375 3951 543 4025 coniecit.
609 3950 655 4022 de
680 3948 897 4024 Democrito
931 3951 1019 4049 quid
1046 3952 1283 4025 statuendum
1311 3950 1359 4022 sit
1385 3975 1498 4047 supra
1523 3947 1708 4039 uidimus,
1747 3945 1849 4020 Crito
1879 3942 2026 4041 scripsit

145 4077 295 4176 quidem
322 4088 391 4166 περι·
414 4086 568 4168 ιιιηιικῆι
602 4077 731 4178 (Diog.
759 4080 881 4153 Laert.
908 4083 941 4172 2,
972 4082 1065 4178 121)
1094 4082 1256 4176 itemque
1282 4077 1385 4152 Zeno
1412 4087 1482 4167 περι·
1503 4084 1659 4164 ποιητικῆς
1681 4075 1854 4164 ιὶιριιίσεως
1892 4070 2024 4169 (Diog.

145 4204 266 4282 Laert.
295 4210 328 4298 7,
356 4209 397 4277 4:
426 4233 518 4304 quae
546 4233 606 4281 res
633 4234 716 4281 cum
744 4207 889 4282 Horatii
917 4209 1073 4307 epistula
1099 4208 1191 4282 nihil
1218 4209 1295 4281 fere
1323 4230 1510 4280 conrnune
1537 4203 1679 4301 habet),
1706 4201 1773 4274 sed
1799 4201 1844 4274 de
1872 4200 2025 4296 scripto·

145 4359 229 4407 rum
256 4332 533 4432 deperditorum
569 4362 652 4408 cum
681 4335 887 4411 Horatiano
927 4351 1098 4435 poemate
1138 4338 1399 4411 coniunctione
1439 4335 1567 4407 ludere
1607 4343 1752 4404 tantum
1793 4329 2026 4401 coniecturas

148 4462 256 4536 licet:
285 4462 419 4536 eodem
446 4465 542 4536 enim
570 4464 650 4537 iure
678 4478 827 4562 poetam
856 4465 1091 4540 Venusinam
1118 4467 1297 4564 suspicari
1323 4489 1522 4562 possumus
1536 4459 1833 4556 Theophrastum
1858 4471 2027 4571 secutum

148 4617 229 4666 esse
257 4592 320 4688 qui
346 4592 442 4664 inter
470 4593 541 4665 alia
568 4619 682 4694 opera
707 4593 778 4666 huc
806 4596 1030 4691 pertinentia
1057 4603 1125 4687 περὶ
1146 4599 1299 4684 ποιητικῆς
1328 4592 1475 4691 scripsit
1501 4589 1626 4687 (Diog.
1652 4586 1773 4661 Laert.
1802 4591 1835 4676 5,
1863 4587 1938 4680 47),
1965 4585 2028 4656 uel

295 4850 319 4879 ³⁴
337 4855 403 4904 conl.
425 4856 457 4904 de
476 4855 516 4904 his
534 4854 736 4918 flambardyum,
778 4853 923 4906 Gnandrtsa
944 4859 991 4907 der
1006 4858 1185 4920 prtecttschen
1207 4857 1352 4904 Litteraurr
1371 4854 1410 4903 ed.
1431 4853 1465 4915 ll,
1486 4851 1537 4900 uol.
1559 4846 1576 4899 2
1602 4865 1627 4912 ρ,
1649 4844 1702 4900 519
1722 4861 1797 4909 seqq.

296 4975 321 5007 ³¹
340 4982 453 5032 Oeaures
473 4983 605 5033 d'Horuce
623 4997 655 5030 eu
675 4984 743 5031 luein
762 4986 892 5033 trudeim
912 4999 944 5034 en
961 4986 1081 5048 fruupoia
1097 5000 1151 5049 pur
1170 4987 1208 5036 Μ.
1231 4986 1329 5033 Ductor
1338 4989 1364 5031 et
1372 4982 1394 5030 le
1404 4981 1436 5030 Ρ.
1448 4978 1587 5037 Suuudou,
1607 4980 1660 5029 uol.
1680 4974 1698 5029 8
1717 4976 1816 5037 (Amat.
1840 4971 1919 5035 1735)
1939 4988 1963 5035 p.
1975 4967 2025 5022 ll:

148 5071 171 5120 u
188 5072 263 5121 acolt
280 5085 310 5120 eu
330 5073 380 5122 cett
398 5073 430 5121 de
448 5074 550 5121 donner
572 5086 629 5122 aaa
647 5072 777 5122 Romaim
800 5087 851 5122 aas
870 5075 1003 5139 Potttquq
1030 5077 1076 5138 qui
1100 5076 1183 5124 auoit
1204 5088 1302 5124 comme
1324 5085 1360 5120 uu
1383 5071 1478 5135 abecuc
1503 5078 1528 5119 et
1552 5084 1589 5118 aa
1615 5069 1702 5132 precis
1730 5068 1762 5115 de
1786 5079 1813 5116 ce
1841 5065 1881 5130 qu’
1901 5065 2026 5125 Arietate,

150 5161 251 5226 crtton,
271 5163 370 5226 Zenon,
390 5163 538 5212 Democrtte
557 5169 582 5212 et
598 5162 765 5225 Neoptolemo
789 5165 819 5212 dr
840 5165 926 5213 Paroa
944 5165 1015 5224 (stc)
1041 5165 1235 5215 commederit
1260 5177 1306 5212 aar
1328 5176 1357 5212 ce
1378 5151 1453 5223 sajet.
1501 5159 1633 5210 Critonem
1658 5163 1684 5207 et
1708 5156 1865 5207 Streuberus
1889 5168 1914 5216 p.
1938 5147 1971 5202 ¹⁰
1995 5153 2027 5201 de

149 5249 268 5302 Daclerlo
288 5253 403 5303 reterens
421 5255 516 5304 omittit
535 5259 560 5303 et
579 5253 622 5314 qul
642 5252 811 5304 Strcubcrum
832 5255 905 5317 sequi
923 5256 1027 5306 uidetur
1045 5256 1227 5316 scrutaturus
1247 5256 1264 5303 l.
1285 5256 1303 5303 Ι.
1323 5267 1348 5316 p.
1371 5248 1413 5301 12.
