4342 5722
1052 83 1097 155 ta

919 192 922 196 -
930 189 1223 198 ----—-—-——--·

139 313 329 411 progressi
355 310 601 409 Epicharmus
628 330 666 383 et
692 307 825 384 Critias
864 311 987 407 (apud
1013 310 1194 383 Ioannem
1220 308 1423 383 Stobaeum
1458 309 1567 383 florii.
1595 312 1660 401 29,
1688 312 1736 383 54
1764 323 1801 384 et
1828 309 1899 407 10)
1938 323 2018 385 arte

137 443 195 539 (te
220 442 377 537 μελέτης)
411 442 537 539 plures
573 465 682 536 quam
708 450 841 510 natura
869 439 1029 511 existere
1056 439 1177 511 bonos
1205 450 1369 512 censent.
1447 440 1599 511 omnino
1628 450 1752 511 autem
1778 438 1875 511 hanc
1903 464 2016 537 oppo-

142 570 314 643 sitionem
341 570 571 642 tritissimum
598 568 712 639 fuisse
740 591 822 638 cum
859 567 931 638 alia
964 569 1242 665 exemplatum
1278 568 1411 639 scitum
1445 567 1517 639 hoc
1554 565 1762 640 Cillactoris
1789 568 2018 665 epigramma

138 698 295 796 (anthol.
324 697 440 771 Palat.
468 702 502 789 5,
529 696 593 795 45)
622 694 829 792 conprobat

642 834 818 925 παρθενικοῖ
841 835 932 922 stripe
954 835 994 901 τοὶ
1015 830 1036 901 οἳ
1057 849 1197 923 κέρματα
1218 845 1343 904 πλειόνοι
1365 849 1455 914 ποιεῖ,

680 950 732 1015 ονόι
755 945 816 1015 birri
838 952 894 1023 τοῖς
917 961 1044 1032 τέχνας,
1067 949 1137 1014 ett'
1160 945 1222 1015 oiri
1244 952 1298 1023 τοῖς
1322 948 1438 1026 Cieros.

136 1110 267 1158 uerum
294 1082 471 1157 Horatius
498 1083 561 1155 ilio
589 1083 674 1154 loco
703 1081 865 1153 maxime
891 1079 1166 1154 Democriteam
1195 1082 1380 1179 quandam
1410 1083 1631 1156 sententiam
1659 1082 1811 1179 respicit
1839 1080 1891 1178 (id
1911 1081 2014 1178 quod

138 1239 173 1286 u.
202 1215 273 1286 295
303 1238 400 1310 seqq.
430 1209 655 1308 ostendunt)
690 1235 799 1307 quam
836 1210 1057 1307 interpretes
1083 1237 1160 1283 non
1187 1212 1282 1284 bene
1311 1212 1560 1285 confuderunt
1587 1237 1670 1284 cum
1698 1211 1816 1283 altera
1843 1208 2015 1284 Ciceroni

135 1352 228 1415 nota
254 1341 317 1438 (cle
346 1339 574 1413 diuinatione
600 1343 631 1430 1,
646 1341 705 1430 at,
720 1340 778 1411 80.
793 1337 838 1410 de
854 1351 1000 1411 oratore
1017 1341 1050 1425 2,
1066 1342 1124 1430 46,
1142 1340 1239 1434 194),
1267 1365 1376 1437 quam
1399 1337 1572 1413 Clemens
1586 1337 1863 1412 Alexandrinus
1885 1350 2014 1412 strom.

140 1472 173 1564 6,
193 1473 247 1560 18,
267 1472 334 1542 168
357 1494 391 1567 p.
408 1471 479 1542 298
506 1467 616 1541 nobis
641 1465 794 1539 tradidit
821 1468 942 1555 ποιητής
965 1475 996 1536 ts
1018 1467 1098 1536 οἵσοοι
1121 1483 1180 1549 μὲν
1201 1468 1238 1538 οἷν
1261 1471 1366 1563 γράφῃ
1386 1473 1454 1554 μετ’
1477 1475 1704 1549 ἐνθουσιασμοῦ
1726 1477 1779 1537 καὶ
1800 1474 1863 1558 ἱροῦ
1883 1467 2015 1549 πνεῦμοι.

137 1629 199 1676 τοι,
221 1598 303 1667 καλοὶ
327 1598 425 1686 adpre
448 1608 538 1667 ἐστίν.
599 1608 636 1668 at
669 1594 853 1667 sententia
888 1594 951 1665 illa
977 1594 1023 1666 ab
1050 1592 1207 1672 Horatio
1235 1597 1443 1696 significata
1468 1608 1568 1670 certe
1594 1597 1679 1669 talis
1706 1584 1852 1691 qualem
1878 1605 2015 1691 poetae

136 1725 198 1798 isti
226 1725 272 1797 ab
300 1722 456 1797 Horatio
484 1722 597 1797 derisi
623 1723 874 1820 sequebantur
899 1723 1137 1820 moribusque
1166 1736 1201 1798 et
1228 1725 1305 1797 uita
1332 1726 1541 1823 exprimere
1569 1724 1787 1816 studebant,
1827 1748 1916 1796 uere
1942 1719 2014 1795 De·

136 1853 317 1926 mocritea
343 1879 424 1926 esse
451 1879 527 1926 non
554 1864 697 1949 potest,
734 1877 817 1924 cum
845 1850 1003 1924 loannes
1030 1850 1214 1925 Stobaeus
1240 1853 1347 1926 floril.
1379 1857 1437 1945 29,
1466 1855 1511 1927 66
1547 1854 1685 1926 dictum
1713 1851 1900 1950 quoddam
1935 1850 2014 1949 phi·

137 1981 288 2078 losophi
315 1981 459 2054 adferat
484 1981 570 2054 huic
591 1981 797 2053 sententiae
815 2006 966 2078 prorsus
982 1982 1206 2078 oppositum,
1234 1994 1361 2062 πλέονες
1390 1993 1427 2067 ἐξ
1451 1984 1594 2072 οἰοκήοιοι·
1623 1984 1740 2063 dexter*
1762 1993 1888 2062 γίνονται
1912 1980 1932 2067 ἤ
1952 1981 2016 2050 aaa*

140 2111 259 2194 φύσιος,
286 2109 386 2206 quod
414 2108 661 2183 etMtillerum
691 2120 728 2181 et
746 2107 1038 2181 Mullachium²³
1069 2122 1106 2182 et
1125 2108 1270 2182 Horatii
1299 2111 1520 2207 interpretes
1546 2109 1655 2206 plane
1682 2108 1821 2205 fugisse
1856 2103 2011 2179 uidetur.

138 2235 261 2334 itaque
295 2240 520 2311 contrarium
554 2236 646 2309 illud
681 2235 819 2309 dictum
854 2250 967 2335 poeta
1000 2264 1047 2310 ex
1084 2239 1200 2336 ipsius
1234 2236 1438 2312 Democriti
1480 2238 1625 2335 scriptis
1661 2262 1739 2309 non
1780 2235 1888 2308 facile
1928 2260 2013 2333 cog·

138 2366 294 2440 nouerit.
378 2379 503 2465 potest
547 2366 658 2464 igitur
703 2376 846 2438 rectum
891 2392 972 2449 esse
1022 2366 1120 2463 quod
1167 2367 1357 2440 Arnoldus
1404 2368 1488 2441 loco
1531 2392 1643 2463 supra
1686 2363 1837 2437 laudato
1882 2389 1917 2462 p.
1965 2365 2012 2436 33

140 2493 299 2568 comecit
325 2495 396 2567 hoc
422 2494 627 2568 Democriti
646 2492 791 2566 vdictum
820 2495 980 2591 itemque
1007 2520 1101 2592 quae
1130 2495 1175 2569 de
1201 2495 1429 2595 Empedocle
1455 2507 1653 2569 narrantur
1679 2496 1769 2593 (464
1796 2493 1910 2591 seqq.)
1936 2490 2013 2563 Ho-

138 2623 233 2694 ratio
261 2623 466 2697 innotuisse
494 2649 542 2696 ex
569 2623 781 2696 Aristotelis
808 2623 929 2720 aliquo
957 2623 1114 2720 scripte,
1153 2624 1312 2698 sortasse
1346 2650 1393 2696 ex
1431 2650 1475 2697 eo
1511 2623 1611 2720 quod
1643 2631 1712 2711 περὶ
1739 2633 1925 2705 φιλοσοφίας
1958 2619 2012 2690 in·

139 2751 317 2847 scriptum
343 2778 419 2824 non
447 2749 561 2823 modo
594 2749 905 2847 philosophorum
945 2751 1150 2823 sententias
1190 2753 1464 2825 enumerauerit
1503 2763 1611 2849 atque
1651 2748 1908 2822 diiudicauerit
1945 2745 2015 2819 sed

139 2880 251 2953 etiam
278 2879 324 2953 de
351 2881 428 2953 uita
455 2905 582 2952 eorum
610 2879 737 2977 egerit.
790 2879 877 2974 quid
905 2879 1025 2951 uero?
1076 2880 1175 2953 idem
1202 2880 1424 2955 Aristoteles
1456 2891 1525 2971 περι·
1555 2886 1682 2969 ποιητῶν
1717 2877 1882 2976 scripsit:
1922 2899 2014 2947 num

137 3011 251 3108 igitur
277 3035 369 3108 quae
398 3009 445 3082 de
472 3009 592 3107 poetis
620 3034 641 3080 a
667 3007 801 3081 Flacco
838 3020 1037 3083 narrantur
1072 3037 1119 3083 ex
1158 3010 1229 3083 hoc
1267 3010 1364 3082 libro
1405 3021 1553 3106 sumpta
1592 3033 1673 3081 esse
1713 3001 2013 3104 suspicabimur?

139 3150 239 3211 certe
266 3164 344 3210 non
372 3138 508 3229 omnia,
535 3149 576 3210 ut
602 3137 698 3209 infra
724 3135 942 3214 uidebimus.

298 3281 422 3357 Versu
449 3295 572 3356 autem
601 3285 647 3355 78
675 3282 738 3354 ubi
767 3283 950 3358 eiusmodi
976 3287 1143 3383 quaestio
1171 3286 1217 3358 ad
1244 3286 1449 3358 litterarum
1476 3284 1669 3358 historiam
1703 3282 1892 3382 pertinens
1920 3293 2014 3354 trac·

138 3424 239 3486 tatur
267 3413 528 3510 grammaticos
554 3411 732 3484 Horatius
759 3427 1015 3487 conmemorat
1040 3415 1098 3488 his
1123 3416 1295 3488 uersibus
1321 3413 1525 3486 notissimis

554 3559 724 3631 uersibus
750 3559 928 3656 inpariter
954 3562 1087 3634 iunctis
1114 3561 1346 3658 querimonia
1370 3558 1541 3655 primurn,

556 3698 643 3782 post
669 3687 781 3758 etiam
808 3688 950 3761 inclusa
976 3702 1033 3762 est
1058 3691 1135 3763 uoti
1164 3689 1347 3762 sententia
1374 3712 1539 3784 conpos:

556 3815 637 3911 quis
664 3827 790 3886 tamen
818 3816 973 3913 exiguos
1003 3820 1129 3916 elegos
1159 3817 1323 3891 emiserit
1349 3827 1479 3888 auctor

557 3944 788 4042 grammatici
816 3958 960 4018 certant
980 3960 1022 4020 et
1049 3946 1170 4019 adhuc
1197 3946 1265 4018 sub
1291 3944 1412 4017 iudice
1439 3944 1484 4016 lis
1511 3955 1576 4016 est.

139 4087 244 4159 iuuat
270 4088 439 4160 conferre
467 4114 560 4185 quae
587 4089 625 4162 in
652 4086 803 4162 Orionis
830 4092 1078 4191 etymologica
1105 4093 1278 4192 leguntur
1304 4118 1338 4191 p.
1366 4095 1424 4183 58,
1453 4094 1473 4162 t
1504 4090 1560 4163 ed.
1588 4086 1705 4165 Stura.
1740 4096 1844 4168 ἕλειοι
1867 4092 1880 4158 ο·
1903 4092 2014 4176 θρῆνος

289 4319 312 4348 ²³
330 4327 373 4385 qui
393 4327 419 4374 in
439 4327 579 4377 Democriti
598 4325 739 4377 Abderitae
758 4341 865 4386 operum
885 4329 1044 4393 fragmentis,
1074 4331 1186 4380 Dcrotini
1206 4344 1229 4380 a.
1262 4327 1330 4380 teas
1356 4329 1440 4393 editis,
1469 4343 1495 4392 p.
1518 4324 1568 4379 185
1588 4341 1660 4390 seqq.
1691 4328 1834 4389 iragrnenta
1862 4323 1920 4374 iibri
1948 4321 2013 4389 napi

140 4411 271 4469 uectatus
289 4415 384 4464 similis
403 4420 547 4477 argumenti
567 4418 679 4478 contegit
697 4418 744 4466 troc
769 4422 882 4483 omisso,
911 4429 980 4485 etp.
1000 4418 1054 4472 359
1079 4437 1136 4472 curn
1162 4425 1263 4473 duobos
1283 4419 1414 4472 Ciceronis
1445 4420 1508 4468 iocis
1533 4419 1632 4469 Horatii
1660 4431 1752 4467 uersus
1779 4415 1916 4479 conponit,
1945 4425 2012 4472 quos

139 4504 237 4571 ,minus
257 4506 335 4555 recte‘
356 4508 500 4570 philosophi
521 4511 677 4559 sententiam
698 4510 805 4558 reddere
825 4511 971 4560 existumat.
1010 4512 1146 4562 Edonios
1166 4526 1267 4574 quoque
1288 4512 1417 4563 Hiiiterus
1436 4510 1580 4570 (Gerena.
1593 4510 1729 4560 Theorted
1747 4504 2013 4559 Demetriadem

140 4589 166 4655 1,
186 4589 221 4642 ao
241 4599 309 4658 seq.)
340 4594 490 4647 Ciceronem
510 4605 536 4647 et
555 4600 690 4649 Horatium
710 4599 818 4648 candem
840 4601 977 4651 Democriti
998 4605 1153 4653 sententiam
1173 4610 1290 4666 spectare
1316 4607 1405 4664 putat3
1435 4602 1478 4662 qai
1506 4614 1564 4651 curn
1590 4602 1667 4650 etiam
1693 4601 1793 4661 ignoret
1810 4599 1918 4647 atterant
1942 4595 2012 4656 apud

140 4683 302 4734 cienentern
322 4693 408 4736 estare
429 4716 461 4724 —
481 4702 558 4752 quarn
579 4692 678 4752 primes
698 4690 853 4740 Muttactrius
865 4706 889 4753 p.
902 4688 955 4743 1311
973 4694 1109 4756 indagasse
1129 4695 1230 4745 uidetur
1250 4720 1293 4756 -‚
1315 4693 1406 4743 iatsam
1428 4692 1560 4742 Ciceronis
1579 4699 1605 4742 et
1619 4694 1717 4742 Horatii
1736 4704 1794 4742 esse
1814 4689 1908 4740 iurorts
1926 4688 2012 4736 inter·

139 4776 310 4839 pretationem
330 4778 456 4843 perhibet,
477 4786 564 4828 natam
584 4793 614 4829 ex
635 4781 773 4830 Democriti
793 4781 930 4845 locutione,
959 4798 1025 4845 quae
1051 4787 1109 4849 ‚etsi
1129 4788 1229 4835 absita
1250 4797 1337 4845 uersu,
1357 4790 1442 4833 tamen
1462 4784 1530 4843 quod
1550 4783 1679 4834 incitatius
1699 4782 1795 4832 teratur
1814 4788 1839 4830 et
1858 4777 2011 4828 ctarissimis

139 4867 278 4915 uerborum
300 4867 443 4917 luminibus
462 4875 556 4921 utatur.
578 4872 663 4932 potius
683 4885 775 4933 poema
795 4876 936 4934 putandum
956 4888 1033 4937 quam
1053 4877 1208 4927 comicorum
1230 4872 1373 4938 poctarum‘
1393 4875 1428 4922 sit
1454 4873 1546 4931 (uerba
1566 4879 1628 4923 sunt
1647 4873 1683 4924 H.
1703 4872 1780 4922 Tottit
1800 4872 1825 4920 in
1845 4876 1945 4920 oratore
1964 4862 2009 4930 10,

140 4951 185 5021 ai,
205 4959 249 5008 otti
269 4971 327 5009 curn
347 4961 454 5010 Platone
473 4974 532 5011 eunt
552 4964 683 5025 conponit,
703 4963 734 5012 rte
754 4976 804 5024 quo
823 4962 978 5014 Aristotctes
997 4968 1064 5028 apud
1084 4968 1157 5030 Diog.
1179 4968 1262 5016 Lacrt.
1279 4961 1350 5029 3,37
1369 4964 1430 5014 dicit
1450 4957 1494 5024 ιὴν
1516 4967 1572 5012 τῶν
1591 4958 1686 5030 λόγων
1706 4961 1787 5011 ἰδέαν
1806 4954 1890 5009 αὐτοῦ
1906 4948 2014 5026 parati>

139 5043 293 5117 ποιήματος
311 5046 386 5100 circu
406 5050 453 5100 καὶ
474 5050 557 5110 uetat
575 5049 681 5120 λόγου),
725 5054 792 5104 haud
812 5055 889 5105 dub'e
909 5058 948 5106 uir
967 5059 1084 5119 egregius
1103 5061 1125 5108 si
1145 5059 1288 5109 Clementis
1308 5058 1391 5107 iocum
1412 5056 1541 5116 cognitum
1563 5056 1704 5117 tabuisset,
1723 5053 1756 5102 ad
1775 5053 1841 5101 hanc
1860 5048 2011 5112 explicatio-

139 5150 200 5187 nem
221 5152 272 5189 non
292 5140 459 5203 coniugisset.
497 5143 563 5193 duae
582 5149 644 5194 sunt
663 5143 803 5194 Democriti
822 5147 975 5210 sentcntiae,
994 5161 1102 5210 quarum
1122 5150 1228 5199 atterius
1238 5148 1327 5199 Cicero
1348 5146 1472 5197 rationem
1492 5145 1578 5208 habet,
1598 5145 1677 5195 attera
1697 5144 1729 5193 ab
1748 5143 1855 5193 Horatio
1875 5152 2009 5203 perperam

139 5227 294 5279 adhibetur:
314 5243 380 5291 quae
399 5245 457 5283 cum
476 5234 503 5284 tn
522 5241 673 5297 argumento
693 5236 804 5296 quedam
823 5237 900 5287 morto
914 5238 992 5288 simiti
1007 5239 1105 5289 uersari
1121 5241 1278 5304 uiderentur,
1298 5239 1331 5289 ab
1349 5237 1535 5299 interpretibus
1550 5234 1657 5287 contusa
1676 5239 1745 5282 snut
